%YAML 1.1
%TAG !u! tag:unity3d.com,2011:
--- !u!1 &7702173794337148849
GameObject:
  m_ObjectHideFlags: 0
  m_CorrespondingSourceObject: {fileID: 0}
  m_PrefabInstance: {fileID: 0}
  m_PrefabAsset: {fileID: 0}
  serializedVersion: 6
  m_Component:
  - component: {fileID: 7702173794337148862}
  m_Layer: 0
  m_Name: PuntoDisparo
  m_TagString: Untagged
  m_Icon: {fileID: 0}
  m_NavMeshLayer: 0
  m_StaticEditorFlags: 0
  m_IsActive: 1
--- !u!4 &7702173794337148862
Transform:
  m_ObjectHideFlags: 0
  m_CorrespondingSourceObject: {fileID: 0}
  m_PrefabInstance: {fileID: 0}
  m_PrefabAsset: {fileID: 0}
  m_GameObject: {fileID: 7702173794337148849}
  m_LocalRotation: {x: 0, y: 0, z: 0, w: 1}
  m_LocalPosition: {x: 0, y: 0, z: 0.67}
  m_LocalScale: {x: 1, y: 1, z: 1}
  m_ConstrainProportionsScale: 0
  m_Children: []
  m_Father: {fileID: 7702173794405555535}
  m_RootOrder: 1
  m_LocalEulerAnglesHint: {x: 0, y: 0, z: 0}
--- !u!1 &7702173794405555534
GameObject:
  m_ObjectHideFlags: 0
  m_CorrespondingSourceObject: {fileID: 0}
  m_PrefabInstance: {fileID: 0}
  m_PrefabAsset: {fileID: 0}
  serializedVersion: 6
  m_Component:
  - component: {fileID: 7702173794405555535}
  - component: {fileID: 7702173794405555533}
  - component: {fileID: 1445490468668471171}
  m_Layer: 0
  m_Name: LanzaCohetes
  m_TagString: Untagged
  m_Icon: {fileID: 0}
  m_NavMeshLayer: 0
  m_StaticEditorFlags: 0
  m_IsActive: 1
--- !u!4 &7702173794405555535
Transform:
  m_ObjectHideFlags: 0
  m_CorrespondingSourceObject: {fileID: 0}
  m_PrefabInstance: {fileID: 0}
  m_PrefabAsset: {fileID: 0}
  m_GameObject: {fileID: 7702173794405555534}
  m_LocalRotation: {x: 0, y: -0.9063079, z: 0, w: 0.42261827}
  m_LocalPosition: {x: -14.43, y: 14.53, z: 56.61}
  m_LocalScale: {x: 1, y: 1, z: 1}
  m_ConstrainProportionsScale: 0
  m_Children:
  - {fileID: 7702173795663741143}
  - {fileID: 7702173794337148862}
  - {fileID: 2977668236784531266}
  m_Father: {fileID: 0}
  m_RootOrder: 0
  m_LocalEulerAnglesHint: {x: 0, y: -130, z: 0}
--- !u!65 &7702173794405555533
BoxCollider:
  m_ObjectHideFlags: 0
  m_CorrespondingSourceObject: {fileID: 0}
  m_PrefabInstance: {fileID: 0}
  m_PrefabAsset: {fileID: 0}
  m_GameObject: {fileID: 7702173794405555534}
  m_Material: {fileID: 0}
  m_IsTrigger: 0
  m_Enabled: 1
  serializedVersion: 2
  m_Size: {x: 1, y: 1, z: 1}
  m_Center: {x: 0, y: 0, z: 0}
--- !u!114 &1445490468668471171
MonoBehaviour:
  m_ObjectHideFlags: 0
  m_CorrespondingSourceObject: {fileID: 0}
  m_PrefabInstance: {fileID: 0}
  m_PrefabAsset: {fileID: 0}
  m_GameObject: {fileID: 7702173794405555534}
  m_Enabled: 1
  m_EditorHideFlags: 0
  m_Script: {fileID: 11500000, guid: 172a00f65bc36c042bf439320d89efa1, type: 3}
  m_Name: 
  m_EditorClassIdentifier: 
  jugador: {fileID: 0}
  misil: {fileID: 1570027210941904646}
  distancia: 50
--- !u!1 &7702173795663741142
GameObject:
  m_ObjectHideFlags: 0
  m_CorrespondingSourceObject: {fileID: 0}
  m_PrefabInstance: {fileID: 0}
  m_PrefabAsset: {fileID: 0}
  serializedVersion: 6
  m_Component:
  - component: {fileID: 7702173795663741143}
  - component: {fileID: 7702173795663741141}
  - component: {fileID: 7702173795663741140}
  m_Layer: 0
  m_Name: Cube
  m_TagString: Untagged
  m_Icon: {fileID: 0}
  m_NavMeshLayer: 0
  m_StaticEditorFlags: 0
  m_IsActive: 1
--- !u!4 &7702173795663741143
Transform:
  m_ObjectHideFlags: 0
  m_CorrespondingSourceObject: {fileID: 0}
  m_PrefabInstance: {fileID: 0}
  m_PrefabAsset: {fileID: 0}
  m_GameObject: {fileID: 7702173795663741142}
  m_LocalRotation: {x: 0, y: 0, z: 0, w: 1}
  m_LocalPosition: {x: 0, y: 0, z: 0}
  m_LocalScale: {x: 1, y: 1, z: 1}
  m_ConstrainProportionsScale: 0
  m_Children: []
  m_Father: {fileID: 7702173794405555535}
  m_RootOrder: 0
  m_LocalEulerAnglesHint: {x: 0, y: 0, z: 0}
--- !u!33 &7702173795663741141
MeshFilter:
  m_ObjectHideFlags: 0
  m_CorrespondingSourceObject: {fileID: 0}
  m_PrefabInstance: {fileID: 0}
  m_PrefabAsset: {fileID: 0}
  m_GameObject: {fileID: 7702173795663741142}
  m_Mesh: {fileID: 10202, guid: 0000000000000000e000000000000000, type: 0}
--- !u!23 &7702173795663741140
MeshRenderer:
  m_ObjectHideFlags: 0
  m_CorrespondingSourceObject: {fileID: 0}
  m_PrefabInstance: {fileID: 0}
  m_PrefabAsset: {fileID: 0}
  m_GameObject: {fileID: 7702173795663741142}
  m_Enabled: 1
  m_CastShadows: 1
  m_ReceiveShadows: 1
  m_DynamicOccludee: 1
  m_StaticShadowCaster: 0
  m_MotionVectors: 1
  m_LightProbeUsage: 1
  m_ReflectionProbeUsage: 1
  m_RayTracingMode: 2
  m_RayTraceProcedural: 0
  m_RenderingLayerMask: 1
  m_RendererPriority: 0
  m_Materials:
  - {fileID: 2100000, guid: 31321ba15b8f8eb4c954353edc038b1d, type: 2}
  m_StaticBatchInfo:
    firstSubMesh: 0
    subMeshCount: 0
  m_StaticBatchRoot: {fileID: 0}
  m_ProbeAnchor: {fileID: 0}
  m_LightProbeVolumeOverride: {fileID: 0}
  m_ScaleInLightmap: 1
  m_ReceiveGI: 1
  m_PreserveUVs: 0
  m_IgnoreNormalsForChartDetection: 0
  m_ImportantGI: 0
  m_StitchLightmapSeams: 1
  m_SelectedEditorRenderState: 3
  m_MinimumChartSize: 4
  m_AutoUVMaxDistance: 0.5
  m_AutoUVMaxAngle: 89
  m_LightmapParameters: {fileID: 0}
  m_SortingLayerID: 0
  m_SortingLayer: 0
  m_SortingOrder: 0
  m_AdditionalVertexStreams: {fileID: 0}
--- !u!1001 &1445490468578496190
PrefabInstance:
  m_ObjectHideFlags: 0
  serializedVersion: 2
  m_Modification:
    m_TransformParent: {fileID: 7702173794405555535}
    m_Modifications:
    - target: {fileID: 127985911416109496, guid: 22d398f3dfd894e49908ba2799c48166,
        type: 3}
      propertyPath: m_Name
      value: Cohete
      objectReference: {fileID: 0}
    - target: {fileID: 127985911416109496, guid: 22d398f3dfd894e49908ba2799c48166,
        type: 3}
      propertyPath: m_IsActive
      value: 0
      objectReference: {fileID: 0}
    - target: {fileID: 1662994174378480589, guid: 22d398f3dfd894e49908ba2799c48166,
        type: 3}
      propertyPath: jugador
      value: 
      objectReference: {fileID: 0}
    - target: {fileID: 1662994174378480589, guid: 22d398f3dfd894e49908ba2799c48166,
        type: 3}
      propertyPath: rapidez
      value: 7
      objectReference: {fileID: 0}
    - target: {fileID: 4421871347954940412, guid: 22d398f3dfd894e49908ba2799c48166,
        type: 3}
      propertyPath: m_RootOrder
      value: 2
      objectReference: {fileID: 0}
    - target: {fileID: 4421871347954940412, guid: 22d398f3dfd894e49908ba2799c48166,
        type: 3}
      propertyPath: m_LocalScale.x
      value: 1
      objectReference: {fileID: 0}
    - target: {fileID: 4421871347954940412, guid: 22d398f3dfd894e49908ba2799c48166,
        type: 3}
      propertyPath: m_LocalScale.y
      value: 1
      objectReference: {fileID: 0}
    - target: {fileID: 4421871347954940412, guid: 22d398f3dfd894e49908ba2799c48166,
        type: 3}
      propertyPath: m_LocalPosition.x
      value: 0
      objectReference: {fileID: 0}
    - target: {fileID: 4421871347954940412, guid: 22d398f3dfd894e49908ba2799c48166,
        type: 3}
      propertyPath: m_LocalPosition.y
      value: 0
      objectReference: {fileID: 0}
    - target: {fileID: 4421871347954940412, guid: 22d398f3dfd894e49908ba2799c48166,
        type: 3}
      propertyPath: m_LocalPosition.z
      value: 0
      objectReference: {fileID: 0}
    - target: {fileID: 4421871347954940412, guid: 22d398f3dfd894e49908ba2799c48166,
        type: 3}
      propertyPath: m_LocalRotation.w
      value: 0.42261827
      objectReference: {fileID: 0}
    - target: {fileID: 4421871347954940412, guid: 22d398f3dfd894e49908ba2799c48166,
        type: 3}
      propertyPath: m_LocalRotation.x
      value: -0
      objectReference: {fileID: 0}
    - target: {fileID: 4421871347954940412, guid: 22d398f3dfd894e49908ba2799c48166,
        type: 3}
      propertyPath: m_LocalRotation.y
      value: 0.9063079
      objectReference: {fileID: 0}
    - target: {fileID: 4421871347954940412, guid: 22d398f3dfd894e49908ba2799c48166,
        type: 3}
      propertyPath: m_LocalRotation.z
      value: -0
      objectReference: {fileID: 0}
    - target: {fileID: 4421871347954940412, guid: 22d398f3dfd894e49908ba2799c48166,
        type: 3}
      propertyPath: m_LocalEulerAnglesHint.x
      value: 0
      objectReference: {fileID: 0}
    - target: {fileID: 4421871347954940412, guid: 22d398f3dfd894e49908ba2799c48166,
        type: 3}
      propertyPath: m_LocalEulerAnglesHint.y
      value: 0
      objectReference: {fileID: 0}
    - target: {fileID: 4421871347954940412, guid: 22d398f3dfd894e49908ba2799c48166,
        type: 3}
      propertyPath: m_LocalEulerAnglesHint.z
      value: 0
      objectReference: {fileID: 0}
    m_RemovedComponents: []
  m_SourcePrefab: {fileID: 100100000, guid: 22d398f3dfd894e49908ba2799c48166, type: 3}
--- !u!1 &1570027210941904646 stripped
GameObject:
  m_CorrespondingSourceObject: {fileID: 127985911416109496, guid: 22d398f3dfd894e49908ba2799c48166,
    type: 3}
  m_PrefabInstance: {fileID: 1445490468578496190}
  m_PrefabAsset: {fileID: 0}
--- !u!4 &2977668236784531266 stripped
Transform:
  m_CorrespondingSourceObject: {fileID: 4421871347954940412, guid: 22d398f3dfd894e49908ba2799c48166,
    type: 3}
  m_PrefabInstance: {fileID: 1445490468578496190}
  m_PrefabAsset: {fileID: 0}
