%YAML 1.1
%TAG !u! tag:unity3d.com,2011:
--- !u!1 &4277718078248226626
GameObject:
  m_ObjectHideFlags: 0
  m_CorrespondingSourceObject: {fileID: 0}
  m_PrefabInstance: {fileID: 0}
  m_PrefabAsset: {fileID: 0}
  serializedVersion: 6
  m_Component:
  - component: {fileID: 4277718078248226629}
  m_Layer: 0
  m_Name: Visual
  m_TagString: Untagged
  m_Icon: {fileID: 0}
  m_NavMeshLayer: 0
  m_StaticEditorFlags: 0
  m_IsActive: 1
--- !u!4 &4277718078248226629
Transform:
  m_ObjectHideFlags: 0
  m_CorrespondingSourceObject: {fileID: 0}
  m_PrefabInstance: {fileID: 0}
  m_PrefabAsset: {fileID: 0}
  m_GameObject: {fileID: 4277718078248226626}
  m_LocalRotation: {x: 0, y: 0, z: 0, w: 1}
  m_LocalPosition: {x: 0, y: 0, z: 0}
  m_LocalScale: {x: 1, y: 1, z: 1}
  m_ConstrainProportionsScale: 0
  m_Children:
  - {fileID: 4277718079058757751}
  - {fileID: 4277718078501230047}
  - {fileID: 4277718079615578881}
  m_Father: {fileID: 4277718078681637337}
  m_RootOrder: 0
  m_LocalEulerAnglesHint: {x: 0, y: 0, z: 0}
--- !u!1 &4277718078501230044
GameObject:
  m_ObjectHideFlags: 0
  m_CorrespondingSourceObject: {fileID: 0}
  m_PrefabInstance: {fileID: 0}
  m_PrefabAsset: {fileID: 0}
  serializedVersion: 6
  m_Component:
  - component: {fileID: 4277718078501230047}
  - component: {fileID: 4277718078501230034}
  - component: {fileID: 4277718078501230035}
  - component: {fileID: 4277718078501230032}
  - component: {fileID: 4277718078501230033}
  - component: {fileID: 4277718078501230046}
  m_Layer: 0
  m_Name: PolyShape
  m_TagString: Untagged
  m_Icon: {fileID: 0}
  m_NavMeshLayer: 0
  m_StaticEditorFlags: 0
  m_IsActive: 1
--- !u!4 &4277718078501230047
Transform:
  m_ObjectHideFlags: 0
  m_CorrespondingSourceObject: {fileID: 0}
  m_PrefabInstance: {fileID: 0}
  m_PrefabAsset: {fileID: 0}
  m_GameObject: {fileID: 4277718078501230044}
  m_LocalRotation: {x: 0.50839365, y: 0.50839365, z: 0.4914631, w: 0.4914631}
  m_LocalPosition: {x: 2.38, y: 0, z: -0.19097191}
  m_LocalScale: {x: 1, y: 1, z: 1}
  m_ConstrainProportionsScale: 0
  m_Children: []
  m_Father: {fileID: 4277718078248226629}
  m_RootOrder: 1
  m_LocalEulerAnglesHint: {x: 0, y: 91.94, z: 90}
--- !u!114 &4277718078501230034
MonoBehaviour:
  m_ObjectHideFlags: 0
  m_CorrespondingSourceObject: {fileID: 0}
  m_PrefabInstance: {fileID: 0}
  m_PrefabAsset: {fileID: 0}
  m_GameObject: {fileID: 4277718078501230044}
  m_Enabled: 1
  m_EditorHideFlags: 0
  m_Script: {fileID: 11500000, guid: 8233d90336aea43098adf6dbabd606a2, type: 3}
  m_Name: 
  m_EditorClassIdentifier: 
  m_MeshFormatVersion: 2
  m_Faces:
  - m_Indexes: 030000000400000002000000040000000100000002000000040000000500000000000000040000000000000001000000
    m_SmoothingGroup: 0
    m_Uv:
      m_UseWorldSpace: 0
      m_FlipU: 0
      m_FlipV: 0
      m_SwapUV: 0
      m_Fill: 1
      m_Scale: {x: 1, y: 1}
      m_Offset: {x: 0, y: 0}
      m_Rotation: 0
      m_Anchor: 9
    m_Material: {fileID: 2100000, guid: 31321ba15b8f8eb4c954353edc038b1d, type: 2}
    m_SubmeshIndex: 0
    m_ManualUV: 0
    elementGroup: 0
    m_TextureGroup: -1
  - m_Indexes: 090000000b000000070000000b0000000a00000007000000080000000900000007000000080000000700000006000000
    m_SmoothingGroup: 0
    m_Uv:
      m_UseWorldSpace: 0
      m_FlipU: 0
      m_FlipV: 0
      m_SwapUV: 0
      m_Fill: 1
      m_Scale: {x: 1, y: 1}
      m_Offset: {x: 0, y: 0}
      m_Rotation: 0
      m_Anchor: 9
    m_Material: {fileID: 2100000, guid: 31321ba15b8f8eb4c954353edc038b1d, type: 2}
    m_SubmeshIndex: 0
    m_ManualUV: 0
    elementGroup: 0
    m_TextureGroup: -1
  - m_Indexes: 0c0000000d0000000e0000000d0000000f0000000e000000
    m_SmoothingGroup: 0
    m_Uv:
      m_UseWorldSpace: 0
      m_FlipU: 0
      m_FlipV: 0
      m_SwapUV: 0
      m_Fill: 1
      m_Scale: {x: 1, y: 1}
      m_Offset: {x: 0, y: 0}
      m_Rotation: 0
      m_Anchor: 9
    m_Material: {fileID: 0}
    m_SubmeshIndex: 0
    m_ManualUV: 0
    elementGroup: -1
    m_TextureGroup: -1
  - m_Indexes: 100000001100000012000000110000001300000012000000
    m_SmoothingGroup: 0
    m_Uv:
      m_UseWorldSpace: 0
      m_FlipU: 0
      m_FlipV: 0
      m_SwapUV: 0
      m_Fill: 1
      m_Scale: {x: 1, y: 1}
      m_Offset: {x: 0, y: 0}
      m_Rotation: 0
      m_Anchor: 9
    m_Material: {fileID: 0}
    m_SubmeshIndex: 0
    m_ManualUV: 0
    elementGroup: -1
    m_TextureGroup: -1
  - m_Indexes: 140000001500000016000000150000001700000016000000
    m_SmoothingGroup: 0
    m_Uv:
      m_UseWorldSpace: 0
      m_FlipU: 0
      m_FlipV: 0
      m_SwapUV: 0
      m_Fill: 1
      m_Scale: {x: 1, y: 1}
      m_Offset: {x: 0, y: 0}
      m_Rotation: 0
      m_Anchor: 9
    m_Material: {fileID: 0}
    m_SubmeshIndex: 0
    m_ManualUV: 0
    elementGroup: -1
    m_TextureGroup: -1
  - m_Indexes: 18000000190000001a000000190000001b0000001a000000
    m_SmoothingGroup: 0
    m_Uv:
      m_UseWorldSpace: 0
      m_FlipU: 0
      m_FlipV: 0
      m_SwapUV: 0
      m_Fill: 1
      m_Scale: {x: 1, y: 1}
      m_Offset: {x: 0, y: 0}
      m_Rotation: 0
      m_Anchor: 9
    m_Material: {fileID: 0}
    m_SubmeshIndex: 0
    m_ManualUV: 0
    elementGroup: -1
    m_TextureGroup: -1
  - m_Indexes: 1c0000001d0000001e0000001d0000001f0000001e000000
    m_SmoothingGroup: 0
    m_Uv:
      m_UseWorldSpace: 0
      m_FlipU: 0
      m_FlipV: 0
      m_SwapUV: 0
      m_Fill: 1
      m_Scale: {x: 1, y: 1}
      m_Offset: {x: 0, y: 0}
      m_Rotation: 0
      m_Anchor: 9
    m_Material: {fileID: 0}
    m_SubmeshIndex: 0
    m_ManualUV: 0
    elementGroup: -1
    m_TextureGroup: -1
  - m_Indexes: 200000002100000022000000210000002300000022000000
    m_SmoothingGroup: 0
    m_Uv:
      m_UseWorldSpace: 0
      m_FlipU: 0
      m_FlipV: 0
      m_SwapUV: 0
      m_Fill: 1
      m_Scale: {x: 1, y: 1}
      m_Offset: {x: 0, y: 0}
      m_Rotation: 0
      m_Anchor: 9
    m_Material: {fileID: 0}
    m_SubmeshIndex: 0
    m_ManualUV: 0
    elementGroup: -1
    m_TextureGroup: -1
  m_SharedVertices:
  - m_Vertices: 000000001f00000022000000
  - m_Vertices: 0b0000001d00000020000000
  - m_Vertices: 010000001600000023000000
  - m_Vertices: 090000001400000021000000
  - m_Vertices: 020000001200000017000000
  - m_Vertices: 080000001000000015000000
  - m_Vertices: 030000000e00000013000000
  - m_Vertices: 060000000c00000011000000
  - m_Vertices: 040000000f0000001a000000
  - m_Vertices: 070000000d00000018000000
  - m_Vertices: 050000001b0000001e000000
  - m_Vertices: 0a000000190000001c000000
  m_SharedTextures: []
  m_Positions:
  - {x: 0, y: 1.3262628, z: 0}
  - {x: 1.0656021, y: 1.3262628, z: 0.040958166}
  - {x: 1.9939735, y: 1.3262628, z: -0.42589998}
  - {x: 1.9960425, y: 1.3262628, z: -1.5776882}
  - {x: 0.9902756, y: 1.3262628, z: -1.9699326}
  - {x: 0.023346663, y: 1.3262628, z: -2.010713}
  - {x: 1.9960425, y: 0, z: -1.5776882}
  - {x: 0.9902756, y: 0, z: -1.9699326}
  - {x: 1.9939735, y: 0, z: -0.42589998}
  - {x: 1.0656021, y: 0, z: 0.040958166}
  - {x: 0.023346663, y: 0, z: -2.010713}
  - {x: 0, y: 0, z: 0}
  - {x: 1.9960425, y: 0, z: -1.5776882}
  - {x: 0.9902756, y: 0, z: -1.9699326}
  - {x: 1.9960425, y: 1.3262628, z: -1.5776882}
  - {x: 0.9902756, y: 1.3262628, z: -1.9699326}
  - {x: 1.9939735, y: 0, z: -0.42589998}
  - {x: 1.9960425, y: 0, z: -1.5776882}
  - {x: 1.9939735, y: 1.3262628, z: -0.42589998}
  - {x: 1.9960425, y: 1.3262628, z: -1.5776882}
  - {x: 1.0656021, y: 0, z: 0.040958166}
  - {x: 1.9939735, y: 0, z: -0.42589998}
  - {x: 1.0656021, y: 1.3262628, z: 0.040958166}
  - {x: 1.9939735, y: 1.3262628, z: -0.42589998}
  - {x: 0.9902756, y: 0, z: -1.9699326}
  - {x: 0.023346663, y: 0, z: -2.010713}
  - {x: 0.9902756, y: 1.3262628, z: -1.9699326}
  - {x: 0.023346663, y: 1.3262628, z: -2.010713}
  - {x: 0.023346663, y: 0, z: -2.010713}
  - {x: 0, y: 0, z: 0}
  - {x: 0.023346663, y: 1.3262628, z: -2.010713}
  - {x: 0, y: 1.3262628, z: 0}
  - {x: 0, y: 0, z: 0}
  - {x: 1.0656021, y: 0, z: 0.040958166}
  - {x: 0, y: 1.3262628, z: 0}
  - {x: 1.0656021, y: 1.3262628, z: 0.040958166}
  m_Textures0:
  - {x: 0, y: 0}
  - {x: 1.0656021, y: 0.040958166}
  - {x: 1.9939735, y: -0.42589998}
  - {x: 1.9960425, y: -1.5776882}
  - {x: 0.9902756, y: -1.9699326}
  - {x: 0.023346663, y: -2.010713}
  - {x: -1.9960425, y: -1.5776882}
  - {x: -0.9902756, y: -1.9699326}
  - {x: -1.9939735, y: -0.42589998}
  - {x: -1.0656021, y: 0.040958166}
  - {x: -0.023346663, y: -2.010713}
  - {x: 0, y: 0}
  - {x: 1.2863855, y: 0}
  - {x: 0.20683807, y: 0}
  - {x: 1.2863855, y: 1.3262628}
  - {x: 0.20683807, y: 1.3262628}
  - {x: -0.42948112, y: 0}
  - {x: -1.5812713, y: 0}
  - {x: -0.42948112, y: 1.3262628}
  - {x: -1.5812713, y: 1.3262628}
  - {x: -0.9336035, y: 0}
  - {x: -1.9727522, y: 0}
  - {x: -0.9336035, y: 1.3262628}
  - {x: -1.9727522, y: 1.3262628}
  - {x: 0.9063873, y: 0}
  - {x: -0.061401237, y: 0}
  - {x: 0.9063873, y: 1.3262628}
  - {x: -0.061401237, y: 1.3262628}
  - {x: 2.0108485, y: 0}
  - {x: 0, y: 0}
  - {x: 2.0108485, y: 1.3262628}
  - {x: 0, y: 1.3262628}
  - {x: 0, y: 0}
  - {x: -1.066389, y: 0}
  - {x: 0, y: 1.3262628}
  - {x: -1.066389, y: 1.3262628}
  m_Textures2: []
  m_Textures3: []
  m_Tangents:
  - {x: 1, y: 0, z: 0, w: -1}
  - {x: 1, y: 0, z: 0, w: -1}
  - {x: 1, y: 0, z: 0, w: -1}
  - {x: 1, y: 0, z: 0, w: -1}
  - {x: 1, y: 0, z: 0, w: -1}
  - {x: 1, y: 0, z: 0, w: -1}
  - {x: -1, y: 0, z: 0, w: -1}
  - {x: -1, y: 0, z: 0, w: -1}
  - {x: -1, y: 0, z: 0, w: -1}
  - {x: -1, y: 0, z: 0, w: -1}
  - {x: -1, y: 0, z: 0, w: -1}
  - {x: -1, y: 0, z: 0, w: -1}
  - {x: 0.93165606, y: 0, z: 0.36334148, w: -1}
  - {x: 0.93165606, y: 0, z: 0.36334148, w: -1}
  - {x: 0.93165606, y: 0, z: 0.36334148, w: -1}
  - {x: 0.93165606, y: 0, z: 0.36334148, w: -1}
  - {x: -0.001796331, y: 0, z: 0.9999984, w: -1}
  - {x: -0.001796331, y: 0, z: 0.9999984, w: -1}
  - {x: -0.001796331, y: 0, z: 0.9999984, w: -1}
  - {x: -0.001796331, y: 0, z: 0.9999984, w: -1}
  - {x: -0.89339614, y: 0, z: 0.44926986, w: -1}
  - {x: -0.89339614, y: 0, z: 0.44926986, w: -1}
  - {x: -0.89339614, y: 0, z: 0.44926986, w: -1}
  - {x: -0.89339614, y: 0, z: 0.44926986, w: -1}
  - {x: 0.99911183, y: 0, z: 0.04213787, w: -1}
  - {x: 0.99911183, y: 0, z: 0.04213787, w: -1}
  - {x: 0.99911183, y: 0, z: 0.04213787, w: -1}
  - {x: 0.99911183, y: 0, z: 0.04213787, w: -1}
  - {x: 0.011610353, y: 0, z: -0.9999326, w: -1}
  - {x: 0.011610353, y: 0, z: -0.9999326, w: -1}
  - {x: 0.011610353, y: 0, z: -0.9999326, w: -1}
  - {x: 0.011610353, y: 0, z: -0.9999326, w: -1}
  - {x: -0.99926215, y: 0, z: -0.03840828, w: -1}
  - {x: -0.99926215, y: 0, z: -0.03840828, w: -1}
  - {x: -0.99926215, y: 0, z: -0.03840828, w: -1}
  - {x: -0.99926215, y: 0, z: -0.03840828, w: -1}
  m_Colors: []
  m_UnwrapParameters:
    m_HardAngle: 88
    m_PackMargin: 20
    m_AngleError: 8
    m_AreaError: 15
  m_PreserveMeshAssetOnDestroy: 0
  assetGuid: 
  m_Mesh: {fileID: 0}
  m_VersionIndex: 2033
  m_IsSelectable: 1
  m_SelectedFaces: 
  m_SelectedEdges: []
  m_SelectedVertices: 
--- !u!114 &4277718078501230035
MonoBehaviour:
  m_ObjectHideFlags: 0
  m_CorrespondingSourceObject: {fileID: 0}
  m_PrefabInstance: {fileID: 0}
  m_PrefabAsset: {fileID: 0}
  m_GameObject: {fileID: 4277718078501230044}
  m_Enabled: 1
  m_EditorHideFlags: 0
  m_Script: {fileID: 11500000, guid: bb977b126bc1b4f15813dcf9da9bb600, type: 3}
  m_Name: 
  m_EditorClassIdentifier: 
  m_Points:
  - {x: 0, y: 0, z: 0}
  - {x: 1.0656021, y: 0, z: 0.040958166}
  - {x: 1.9939735, y: 0, z: -0.42589998}
  - {x: 1.9960425, y: 0, z: -1.5776882}
  - {x: 0.9902756, y: 0, z: -1.9699326}
  - {x: 0.023346663, y: 0, z: -2.010713}
  m_Extrude: 1.3262628
  m_EditMode: 0
  m_FlipNormals: 0
  isOnGrid: 1
--- !u!23 &4277718078501230032
MeshRenderer:
  m_ObjectHideFlags: 0
  m_CorrespondingSourceObject: {fileID: 0}
  m_PrefabInstance: {fileID: 0}
  m_PrefabAsset: {fileID: 0}
  m_GameObject: {fileID: 4277718078501230044}
  m_Enabled: 1
  m_CastShadows: 1
  m_ReceiveShadows: 1
  m_DynamicOccludee: 1
  m_StaticShadowCaster: 0
  m_MotionVectors: 1
  m_LightProbeUsage: 1
  m_ReflectionProbeUsage: 1
  m_RayTracingMode: 2
  m_RayTraceProcedural: 0
  m_RenderingLayerMask: 1
  m_RendererPriority: 0
  m_Materials:
  - {fileID: 2100000, guid: 8d982636c8718f442b4a1d50a798ac34, type: 2}
  m_StaticBatchInfo:
    firstSubMesh: 0
    subMeshCount: 0
  m_StaticBatchRoot: {fileID: 0}
  m_ProbeAnchor: {fileID: 0}
  m_LightProbeVolumeOverride: {fileID: 0}
  m_ScaleInLightmap: 1
  m_ReceiveGI: 1
  m_PreserveUVs: 0
  m_IgnoreNormalsForChartDetection: 0
  m_ImportantGI: 0
  m_StitchLightmapSeams: 1
  m_SelectedEditorRenderState: 2
  m_MinimumChartSize: 4
  m_AutoUVMaxDistance: 0.5
  m_AutoUVMaxAngle: 89
  m_LightmapParameters: {fileID: 0}
  m_SortingLayerID: 0
  m_SortingLayer: 0
  m_SortingOrder: 0
  m_AdditionalVertexStreams: {fileID: 0}
--- !u!33 &4277718078501230033
MeshFilter:
  m_ObjectHideFlags: 0
  m_CorrespondingSourceObject: {fileID: 0}
  m_PrefabInstance: {fileID: 0}
  m_PrefabAsset: {fileID: 0}
  m_GameObject: {fileID: 4277718078501230044}
  m_Mesh: {fileID: 0}
--- !u!64 &4277718078501230046
MeshCollider:
  m_ObjectHideFlags: 0
  m_CorrespondingSourceObject: {fileID: 0}
  m_PrefabInstance: {fileID: 0}
  m_PrefabAsset: {fileID: 0}
  m_GameObject: {fileID: 4277718078501230044}
  m_Material: {fileID: 0}
  m_IsTrigger: 0
  m_Enabled: 1
  serializedVersion: 4
  m_Convex: 0
  m_CookingOptions: 30
  m_Mesh: {fileID: 0}
--- !u!1 &4277718078681637318
GameObject:
  m_ObjectHideFlags: 0
  m_CorrespondingSourceObject: {fileID: 0}
  m_PrefabInstance: {fileID: 0}
  m_PrefabAsset: {fileID: 0}
  serializedVersion: 6
  m_Component:
  - component: {fileID: 4277718078681637337}
  - component: {fileID: 4277718078681637339}
  - component: {fileID: 4277718078681637336}
  m_Layer: 0
  m_Name: TorretaMisiles
  m_TagString: Untagged
  m_Icon: {fileID: 0}
  m_NavMeshLayer: 0
  m_StaticEditorFlags: 0
  m_IsActive: 1
--- !u!4 &4277718078681637337
Transform:
  m_ObjectHideFlags: 0
  m_CorrespondingSourceObject: {fileID: 0}
  m_PrefabInstance: {fileID: 0}
  m_PrefabAsset: {fileID: 0}
  m_GameObject: {fileID: 4277718078681637318}
  m_LocalRotation: {x: -0, y: -0, z: -0, w: 1}
  m_LocalPosition: {x: 4.34, y: 14.53, z: 68.23}
  m_LocalScale: {x: 1, y: 1, z: 1}
  m_ConstrainProportionsScale: 0
  m_Children:
  - {fileID: 4277718078248226629}
  - {fileID: 432386787198101498}
  m_Father: {fileID: 0}
  m_RootOrder: 0
  m_LocalEulerAnglesHint: {x: 0, y: 0, z: 0}
--- !u!65 &4277718078681637339
BoxCollider:
  m_ObjectHideFlags: 0
  m_CorrespondingSourceObject: {fileID: 0}
  m_PrefabInstance: {fileID: 0}
  m_PrefabAsset: {fileID: 0}
  m_GameObject: {fileID: 4277718078681637318}
  m_Material: {fileID: 0}
  m_IsTrigger: 0
  m_Enabled: 1
  serializedVersion: 2
  m_Size: {x: 3.0957878, y: 2.6181672, z: 4.6996202}
  m_Center: {x: 1.5647157, y: 0.8090836, z: -0.022834778}
--- !u!114 &4277718078681637336
MonoBehaviour:
  m_ObjectHideFlags: 0
  m_CorrespondingSourceObject: {fileID: 0}
  m_PrefabInstance: {fileID: 0}
  m_PrefabAsset: {fileID: 0}
  m_GameObject: {fileID: 4277718078681637318}
  m_Enabled: 1
  m_EditorHideFlags: 0
  m_Script: {fileID: 11500000, guid: 172a00f65bc36c042bf439320d89efa1, type: 3}
  m_Name: 
  m_EditorClassIdentifier: 
  jugador: {fileID: 0}
  misil: {fileID: 4223025630710671294}
  distancia: 120
--- !u!1 &4277718078689293473
GameObject:
  m_ObjectHideFlags: 0
  m_CorrespondingSourceObject: {fileID: 0}
  m_PrefabInstance: {fileID: 0}
  m_PrefabAsset: {fileID: 0}
  serializedVersion: 6
  m_Component:
  - component: {fileID: 4277718078689293472}
  - component: {fileID: 4277718078689293477}
  - component: {fileID: 4277718078689293474}
  - component: {fileID: 4277718078689293475}
  m_Layer: 0
  m_Name: BarraVida
  m_TagString: Untagged
  m_Icon: {fileID: 0}
  m_NavMeshLayer: 0
  m_StaticEditorFlags: 0
  m_IsActive: 1
--- !u!224 &4277718078689293472
RectTransform:
  m_ObjectHideFlags: 0
  m_CorrespondingSourceObject: {fileID: 0}
  m_PrefabInstance: {fileID: 0}
  m_PrefabAsset: {fileID: 0}
  m_GameObject: {fileID: 4277718078689293473}
  m_LocalRotation: {x: -0, y: -0, z: -0, w: 1}
  m_LocalPosition: {x: 0, y: 0, z: 0.113}
  m_LocalScale: {x: 1, y: 1, z: 0.2}
  m_ConstrainProportionsScale: 0
  m_Children:
  - {fileID: 4277718079220986840}
  - {fileID: 4277718080025519756}
  m_Father: {fileID: 432386787198101498}
  m_RootOrder: 0
  m_LocalEulerAnglesHint: {x: 0, y: 0, z: 0}
  m_AnchorMin: {x: 0, y: 0}
  m_AnchorMax: {x: 0, y: 0}
  m_AnchoredPosition: {x: 0.2, y: 1.43}
  m_SizeDelta: {x: 0, y: 0}
  m_Pivot: {x: 0.5, y: 0.5}
--- !u!223 &4277718078689293477
Canvas:
  m_ObjectHideFlags: 0
  m_CorrespondingSourceObject: {fileID: 0}
  m_PrefabInstance: {fileID: 0}
  m_PrefabAsset: {fileID: 0}
  m_GameObject: {fileID: 4277718078689293473}
  m_Enabled: 1
  serializedVersion: 3
  m_RenderMode: 2
  m_Camera: {fileID: 0}
  m_PlaneDistance: 100
  m_PixelPerfect: 0
  m_ReceivesEvents: 1
  m_OverrideSorting: 0
  m_OverridePixelPerfect: 0
  m_SortingBucketNormalizedSize: 0
  m_AdditionalShaderChannelsFlag: 0
  m_SortingLayerID: 0
  m_SortingOrder: 0
  m_TargetDisplay: 0
--- !u!114 &4277718078689293474
MonoBehaviour:
  m_ObjectHideFlags: 0
  m_CorrespondingSourceObject: {fileID: 0}
  m_PrefabInstance: {fileID: 0}
  m_PrefabAsset: {fileID: 0}
  m_GameObject: {fileID: 4277718078689293473}
  m_Enabled: 1
  m_EditorHideFlags: 0
  m_Script: {fileID: 11500000, guid: 0cd44c1031e13a943bb63640046fad76, type: 3}
  m_Name: 
  m_EditorClassIdentifier: 
  m_UiScaleMode: 0
  m_ReferencePixelsPerUnit: 100
  m_ScaleFactor: 1
  m_ReferenceResolution: {x: 800, y: 600}
  m_ScreenMatchMode: 0
  m_MatchWidthOrHeight: 0
  m_PhysicalUnit: 3
  m_FallbackScreenDPI: 96
  m_DefaultSpriteDPI: 96
  m_DynamicPixelsPerUnit: 1
  m_PresetInfoIsWorld: 1
--- !u!114 &4277718078689293475
MonoBehaviour:
  m_ObjectHideFlags: 0
  m_CorrespondingSourceObject: {fileID: 0}
  m_PrefabInstance: {fileID: 0}
  m_PrefabAsset: {fileID: 0}
  m_GameObject: {fileID: 4277718078689293473}
  m_Enabled: 1
  m_EditorHideFlags: 0
  m_Script: {fileID: 11500000, guid: dc42784cf147c0c48a680349fa168899, type: 3}
  m_Name: 
  m_EditorClassIdentifier: 
  m_IgnoreReversedGraphics: 1
  m_BlockingObjects: 0
  m_BlockingMask:
    serializedVersion: 2
    m_Bits: 4294967295
--- !u!1 &4277718079058757748
GameObject:
  m_ObjectHideFlags: 0
  m_CorrespondingSourceObject: {fileID: 0}
  m_PrefabInstance: {fileID: 0}
  m_PrefabAsset: {fileID: 0}
  serializedVersion: 6
  m_Component:
  - component: {fileID: 4277718079058757751}
  - component: {fileID: 4277718079058757770}
  - component: {fileID: 4277718079058757771}
  - component: {fileID: 4277718079058757768}
  - component: {fileID: 4277718079058757769}
  - component: {fileID: 4277718079058757750}
  m_Layer: 0
  m_Name: PolyShape
  m_TagString: Untagged
  m_Icon: {fileID: 0}
  m_NavMeshLayer: 0
  m_StaticEditorFlags: 0
  m_IsActive: 1
--- !u!4 &4277718079058757751
Transform:
  m_ObjectHideFlags: 0
  m_CorrespondingSourceObject: {fileID: 0}
  m_PrefabInstance: {fileID: 0}
  m_PrefabAsset: {fileID: 0}
  m_GameObject: {fileID: 4277718079058757748}
  m_LocalRotation: {x: -0, y: -0, z: -0, w: 1}
  m_LocalPosition: {x: 0, y: 0, z: 0}
  m_LocalScale: {x: 1, y: 1, z: 1}
  m_ConstrainProportionsScale: 0
  m_Children: []
  m_Father: {fileID: 4277718078248226629}
  m_RootOrder: 0
  m_LocalEulerAnglesHint: {x: 0, y: 0, z: 0}
--- !u!114 &4277718079058757770
MonoBehaviour:
  m_ObjectHideFlags: 0
  m_CorrespondingSourceObject: {fileID: 0}
  m_PrefabInstance: {fileID: 0}
  m_PrefabAsset: {fileID: 0}
  m_GameObject: {fileID: 4277718079058757748}
  m_Enabled: 1
  m_EditorHideFlags: 0
  m_Script: {fileID: 11500000, guid: 8233d90336aea43098adf6dbabd606a2, type: 3}
  m_Name: 
  m_EditorClassIdentifier: 
  m_MeshFormatVersion: 2
  m_Faces:
  - m_Indexes: 040000000600000005000000000000000200000001000000040000000300000002000000040000000200000000000000040000000000000006000000060000000000000007000000
    m_SmoothingGroup: 0
    m_Uv:
      m_UseWorldSpace: 0
      m_FlipU: 0
      m_FlipV: 0
      m_SwapUV: 0
      m_Fill: 1
      m_Scale: {x: 1, y: 1}
      m_Offset: {x: 0, y: 0}
      m_Rotation: 0
      m_Anchor: 9
    m_Material: {fileID: 2100000, guid: 31321ba15b8f8eb4c954353edc038b1d, type: 2}
    m_SubmeshIndex: 0
    m_ManualUV: 0
    elementGroup: 0
    m_TextureGroup: -1
  - m_Indexes: 0f0000000b00000009000000090000000b000000080000000b0000000c000000080000000c0000000e000000080000000d0000000c0000000b0000000a0000000900000008000000
    m_SmoothingGroup: 0
    m_Uv:
      m_UseWorldSpace: 0
      m_FlipU: 0
      m_FlipV: 0
      m_SwapUV: 0
      m_Fill: 1
      m_Scale: {x: 1, y: 1}
      m_Offset: {x: 0, y: 0}
      m_Rotation: 0
      m_Anchor: 9
    m_Material: {fileID: 2100000, guid: 31321ba15b8f8eb4c954353edc038b1d, type: 2}
    m_SubmeshIndex: 0
    m_ManualUV: 0
    elementGroup: 0
    m_TextureGroup: -1
  - m_Indexes: 100000001100000012000000110000001300000012000000
    m_SmoothingGroup: 0
    m_Uv:
      m_UseWorldSpace: 0
      m_FlipU: 0
      m_FlipV: 0
      m_SwapUV: 0
      m_Fill: 1
      m_Scale: {x: 1, y: 1}
      m_Offset: {x: 0, y: 0}
      m_Rotation: 0
      m_Anchor: 9
    m_Material: {fileID: 0}
    m_SubmeshIndex: 0
    m_ManualUV: 0
    elementGroup: -1
    m_TextureGroup: -1
  - m_Indexes: 140000001500000016000000150000001700000016000000
    m_SmoothingGroup: 0
    m_Uv:
      m_UseWorldSpace: 0
      m_FlipU: 0
      m_FlipV: 0
      m_SwapUV: 0
      m_Fill: 1
      m_Scale: {x: 1, y: 1}
      m_Offset: {x: 0, y: 0}
      m_Rotation: 0
      m_Anchor: 9
    m_Material: {fileID: 0}
    m_SubmeshIndex: 0
    m_ManualUV: 0
    elementGroup: -1
    m_TextureGroup: -1
  - m_Indexes: 18000000190000001a000000190000001b0000001a000000
    m_SmoothingGroup: 0
    m_Uv:
      m_UseWorldSpace: 0
      m_FlipU: 0
      m_FlipV: 0
      m_SwapUV: 0
      m_Fill: 1
      m_Scale: {x: 1, y: 1}
      m_Offset: {x: 0, y: 0}
      m_Rotation: 0
      m_Anchor: 9
    m_Material: {fileID: 0}
    m_SubmeshIndex: 0
    m_ManualUV: 0
    elementGroup: -1
    m_TextureGroup: -1
  - m_Indexes: 1c0000001d0000001e0000001d0000001f0000001e000000
    m_SmoothingGroup: 0
    m_Uv:
      m_UseWorldSpace: 0
      m_FlipU: 0
      m_FlipV: 0
      m_SwapUV: 0
      m_Fill: 1
      m_Scale: {x: 1, y: 1}
      m_Offset: {x: 0, y: 0}
      m_Rotation: 0
      m_Anchor: 9
    m_Material: {fileID: 0}
    m_SubmeshIndex: 0
    m_ManualUV: 0
    elementGroup: -1
    m_TextureGroup: -1
  - m_Indexes: 200000002100000022000000210000002300000022000000
    m_SmoothingGroup: 0
    m_Uv:
      m_UseWorldSpace: 0
      m_FlipU: 0
      m_FlipV: 0
      m_SwapUV: 0
      m_Fill: 1
      m_Scale: {x: 1, y: 1}
      m_Offset: {x: 0, y: 0}
      m_Rotation: 0
      m_Anchor: 9
    m_Material: {fileID: 0}
    m_SubmeshIndex: 0
    m_ManualUV: 0
    elementGroup: -1
    m_TextureGroup: -1
  - m_Indexes: 240000002500000026000000250000002700000026000000
    m_SmoothingGroup: 0
    m_Uv:
      m_UseWorldSpace: 0
      m_FlipU: 0
      m_FlipV: 0
      m_SwapUV: 0
      m_Fill: 1
      m_Scale: {x: 1, y: 1}
      m_Offset: {x: 0, y: 0}
      m_Rotation: 0
      m_Anchor: 9
    m_Material: {fileID: 0}
    m_SubmeshIndex: 0
    m_ManualUV: 0
    elementGroup: -1
    m_TextureGroup: -1
  - m_Indexes: 28000000290000002a000000290000002b0000002a000000
    m_SmoothingGroup: 0
    m_Uv:
      m_UseWorldSpace: 0
      m_FlipU: 0
      m_FlipV: 0
      m_SwapUV: 0
      m_Fill: 1
      m_Scale: {x: 1, y: 1}
      m_Offset: {x: 0, y: 0}
      m_Rotation: 0
      m_Anchor: 9
    m_Material: {fileID: 0}
    m_SubmeshIndex: 0
    m_ManualUV: 0
    elementGroup: -1
    m_TextureGroup: -1
  - m_Indexes: 2c0000002d0000002e0000002d0000002f0000002e000000
    m_SmoothingGroup: 0
    m_Uv:
      m_UseWorldSpace: 0
      m_FlipU: 0
      m_FlipV: 0
      m_SwapUV: 0
      m_Fill: 1
      m_Scale: {x: 1, y: 1}
      m_Offset: {x: 0, y: 0}
      m_Rotation: 0
      m_Anchor: 9
    m_Material: {fileID: 0}
    m_SubmeshIndex: 0
    m_ManualUV: 0
    elementGroup: -1
    m_TextureGroup: -1
  m_SharedVertices:
  - m_Vertices: 000000001f0000002a000000
  - m_Vertices: 0b0000001d00000028000000
  - m_Vertices: 010000001b0000001e000000
  - m_Vertices: 0d000000190000001c000000
  - m_Vertices: 020000001a00000027000000
  - m_Vertices: 0c0000001800000025000000
  - m_Vertices: 030000002300000026000000
  - m_Vertices: 0e0000002100000024000000
  - m_Vertices: 040000001700000022000000
  - m_Vertices: 080000001500000020000000
  - m_Vertices: 050000001300000016000000
  - m_Vertices: 0a0000001100000014000000
  - m_Vertices: 06000000120000002f000000
  - m_Vertices: 09000000100000002d000000
  - m_Vertices: 070000002b0000002e000000
  - m_Vertices: 0f000000290000002c000000
  m_SharedTextures: []
  m_Positions:
  - {x: 0, y: 0.25118962, z: 0}
  - {x: 1.0151368, y: 0.25118962, z: -0.9760931}
  - {x: 1.9912301, y: 0.25118962, z: -0.9565713}
  - {x: 2.9673233, y: 0.25118962, z: 0}
  - {x: 2.9673233, y: 0.25118962, z: 0.99561507}
  - {x: 2.0107522, y: 0.25118962, z: 2.0302737}
  - {x: 1.0541807, y: 0.25118962, z: 2.0497956}
  - {x: -0.019521952, y: 0.25118962, z: 1.0737023}
  - {x: 2.9673233, y: 0, z: 0.99561507}
  - {x: 1.0541807, y: 0, z: 2.0497956}
  - {x: 2.0107522, y: 0, z: 2.0302737}
  - {x: 0, y: 0, z: 0}
  - {x: 1.9912301, y: 0, z: -0.9565713}
  - {x: 1.0151368, y: 0, z: -0.9760931}
  - {x: 2.9673233, y: 0, z: 0}
  - {x: -0.019521952, y: 0, z: 1.0737023}
  - {x: 1.0541807, y: 0, z: 2.0497956}
  - {x: 2.0107522, y: 0, z: 2.0302737}
  - {x: 1.0541807, y: 0.25118962, z: 2.0497956}
  - {x: 2.0107522, y: 0.25118962, z: 2.0302737}
  - {x: 2.0107522, y: 0, z: 2.0302737}
  - {x: 2.9673233, y: 0, z: 0.99561507}
  - {x: 2.0107522, y: 0.25118962, z: 2.0302737}
  - {x: 2.9673233, y: 0.25118962, z: 0.99561507}
  - {x: 1.9912301, y: 0, z: -0.9565713}
  - {x: 1.0151368, y: 0, z: -0.9760931}
  - {x: 1.9912301, y: 0.25118962, z: -0.9565713}
  - {x: 1.0151368, y: 0.25118962, z: -0.9760931}
  - {x: 1.0151368, y: 0, z: -0.9760931}
  - {x: 0, y: 0, z: 0}
  - {x: 1.0151368, y: 0.25118962, z: -0.9760931}
  - {x: 0, y: 0.25118962, z: 0}
  - {x: 2.9673233, y: 0, z: 0.99561507}
  - {x: 2.9673233, y: 0, z: 0}
  - {x: 2.9673233, y: 0.25118962, z: 0.99561507}
  - {x: 2.9673233, y: 0.25118962, z: 0}
  - {x: 2.9673233, y: 0, z: 0}
  - {x: 1.9912301, y: 0, z: -0.9565713}
  - {x: 2.9673233, y: 0.25118962, z: 0}
  - {x: 1.9912301, y: 0.25118962, z: -0.9565713}
  - {x: 0, y: 0, z: 0}
  - {x: -0.019521952, y: 0, z: 1.0737023}
  - {x: 0, y: 0.25118962, z: 0}
  - {x: -0.019521952, y: 0.25118962, z: 1.0737023}
  - {x: -0.019521952, y: 0, z: 1.0737023}
  - {x: 1.0541807, y: 0, z: 2.0497956}
  - {x: -0.019521952, y: 0.25118962, z: 1.0737023}
  - {x: 1.0541807, y: 0.25118962, z: 2.0497956}
  m_Textures0:
  - {x: 0, y: 0}
  - {x: 1.0151368, y: -0.9760931}
  - {x: 1.9912301, y: -0.9565713}
  - {x: 2.9673233, y: 0}
  - {x: 2.9673233, y: 0.99561507}
  - {x: 2.0107522, y: 2.0302737}
  - {x: 1.0541807, y: 2.0497956}
  - {x: -0.019521952, y: 1.0737023}
  - {x: -2.9673233, y: 0.99561507}
  - {x: -1.0541807, y: 2.0497956}
  - {x: -2.0107522, y: 2.0302737}
  - {x: 0, y: 0}
  - {x: -1.9912301, y: -0.9565713}
  - {x: -1.0151368, y: -0.9760931}
  - {x: -2.9673233, y: 0}
  - {x: 0.019521952, y: 1.0737023}
  - {x: -1.0121372, y: 0}
  - {x: -1.9689078, y: 0}
  - {x: -1.0121372, y: 0.25118962}
  - {x: -1.9689078, y: 0.25118962}
  - {x: 0.12576357, y: 0}
  - {x: -1.2833308, y: 0}
  - {x: 0.12576357, y: 0.25118962}
  - {x: -1.2833308, y: 0.25118962}
  - {x: 1.9717045, y: 0}
  - {x: 0.995416, y: 0}
  - {x: 1.9717045, y: 0.25118962}
  - {x: 0.995416, y: 0.25118962}
  - {x: 1.4082828, y: 0}
  - {x: 0, y: 0}
  - {x: 1.4082828, y: 0.25118962}
  - {x: 0, y: 0.25118962}
  - {x: 0.99561507, y: 0}
  - {x: 0, y: 0}
  - {x: 0.99561507, y: 0.25118962}
  - {x: 0, y: 0.25118962}
  - {x: 2.1193004, y: 0}
  - {x: 0.75263053, y: 0}
  - {x: 2.1193004, y: 0.25118962}
  - {x: 0.75263053, y: 0.25118962}
  - {x: 0, y: 0}
  - {x: -1.0738798, y: 0}
  - {x: 0, y: 0.25118962}
  - {x: -1.0738798, y: 0.25118962}
  - {x: -0.7078052, y: 0}
  - {x: -2.1588724, y: 0}
  - {x: -0.7078052, y: 0.25118962}
  - {x: -2.1588724, y: 0.25118962}
  m_Textures2: []
  m_Textures3: []
  m_Tangents:
  - {x: 1, y: 0, z: 0, w: -1}
  - {x: 1, y: 0, z: 0, w: -1}
  - {x: 1, y: 0, z: 0, w: -1}
  - {x: 1, y: 0, z: 0, w: -1}
  - {x: 1, y: 0, z: 0, w: -1}
  - {x: 1, y: 0, z: 0, w: -1}
  - {x: 1, y: 0, z: 0, w: -1}
  - {x: 1, y: 0, z: 0, w: -1}
  - {x: -1, y: 0, z: 0, w: -1}
  - {x: -1, y: 0, z: 0, w: -1}
  - {x: -1, y: 0, z: 0, w: -1}
  - {x: -1, y: 0, z: 0, w: -1}
  - {x: -1, y: 0, z: 0, w: -1}
  - {x: -1, y: 0, z: 0, w: -1}
  - {x: -1, y: 0, z: 0, w: -1}
  - {x: -1, y: 0, z: 0, w: -1}
  - {x: -0.9997918, y: 0, z: 0.020404002, w: -1}
  - {x: -0.9997918, y: 0, z: 0.020404002, w: -1}
  - {x: -0.9997918, y: 0, z: 0.020404002, w: -1}
  - {x: -0.9997918, y: 0, z: 0.020404002, w: -1}
  - {x: -0.6788553, y: 0, z: 0.7342721, w: -1}
  - {x: -0.6788553, y: 0, z: 0.7342721, w: -1}
  - {x: -0.6788553, y: 0, z: 0.7342721, w: -1}
  - {x: -0.6788553, y: 0, z: 0.7342721, w: -1}
  - {x: 0.9998001, y: 0, z: 0.019995967, w: -1}
  - {x: 0.9998001, y: 0, z: 0.019995967, w: -1}
  - {x: 0.9998001, y: 0, z: 0.019995967, w: -1}
  - {x: 0.9998001, y: 0, z: 0.019995967, w: -1}
  - {x: 0.7208331, y: 0, z: -0.6931087, w: -1}
  - {x: 0.7208331, y: 0, z: -0.6931087, w: -1}
  - {x: 0.7208331, y: 0, z: -0.6931087, w: -1}
  - {x: 0.7208331, y: 0, z: -0.6931087, w: -1}
  - {x: 0, y: 0, z: 1, w: -1}
  - {x: 0, y: 0, z: 1, w: -1}
  - {x: 0, y: 0, z: 1, w: -1}
  - {x: 0, y: 0, z: 1, w: -1}
  - {x: 0.7142129, y: 0, z: 0.6999286, w: -1}
  - {x: 0.7142129, y: 0, z: 0.6999286, w: -1}
  - {x: 0.7142129, y: 0, z: 0.6999286, w: -1}
  - {x: 0.7142129, y: 0, z: 0.6999286, w: -1}
  - {x: 0.018178899, y: 0, z: -0.9998348, w: -1}
  - {x: 0.018178899, y: 0, z: -0.9998348, w: -1}
  - {x: 0.018178899, y: 0, z: -0.9998348, w: -1}
  - {x: 0.018178899, y: 0, z: -0.9998348, w: -1}
  - {x: -0.73994017, y: 0, z: -0.67267275, w: -1}
  - {x: -0.73994017, y: 0, z: -0.67267275, w: -1}
  - {x: -0.73994017, y: 0, z: -0.67267275, w: -1}
  - {x: -0.73994017, y: 0, z: -0.67267275, w: -1}
  m_Colors: []
  m_UnwrapParameters:
    m_HardAngle: 88
    m_PackMargin: 20
    m_AngleError: 8
    m_AreaError: 15
  m_PreserveMeshAssetOnDestroy: 0
  assetGuid: 
  m_Mesh: {fileID: 0}
  m_VersionIndex: 169
  m_IsSelectable: 1
  m_SelectedFaces: 
  m_SelectedEdges: []
  m_SelectedVertices: 
--- !u!114 &4277718079058757771
MonoBehaviour:
  m_ObjectHideFlags: 0
  m_CorrespondingSourceObject: {fileID: 0}
  m_PrefabInstance: {fileID: 0}
  m_PrefabAsset: {fileID: 0}
  m_GameObject: {fileID: 4277718079058757748}
  m_Enabled: 1
  m_EditorHideFlags: 0
  m_Script: {fileID: 11500000, guid: bb977b126bc1b4f15813dcf9da9bb600, type: 3}
  m_Name: 
  m_EditorClassIdentifier: 
  m_Points:
  - {x: 0, y: 0, z: 0}
  - {x: 1.0151368, y: 0, z: -0.9760931}
  - {x: 1.9912301, y: 0, z: -0.9565713}
  - {x: 2.9673233, y: 0, z: 0}
  - {x: 2.9673233, y: 0, z: 0.99561507}
  - {x: 2.0107522, y: 0, z: 2.0302737}
  - {x: 1.0541807, y: 0, z: 2.0497956}
  - {x: -0.019521952, y: 0, z: 1.0737023}
  m_Extrude: 0.25118962
  m_EditMode: 0
  m_FlipNormals: 0
  isOnGrid: 1
--- !u!23 &4277718079058757768
MeshRenderer:
  m_ObjectHideFlags: 0
  m_CorrespondingSourceObject: {fileID: 0}
  m_PrefabInstance: {fileID: 0}
  m_PrefabAsset: {fileID: 0}
  m_GameObject: {fileID: 4277718079058757748}
  m_Enabled: 1
  m_CastShadows: 1
  m_ReceiveShadows: 1
  m_DynamicOccludee: 1
  m_StaticShadowCaster: 0
  m_MotionVectors: 1
  m_LightProbeUsage: 1
  m_ReflectionProbeUsage: 1
  m_RayTracingMode: 2
  m_RayTraceProcedural: 0
  m_RenderingLayerMask: 1
  m_RendererPriority: 0
  m_Materials:
  - {fileID: 2100000, guid: 5cc7d95a9921bac40a04f24b5f8c88cb, type: 2}
  m_StaticBatchInfo:
    firstSubMesh: 0
    subMeshCount: 0
  m_StaticBatchRoot: {fileID: 0}
  m_ProbeAnchor: {fileID: 0}
  m_LightProbeVolumeOverride: {fileID: 0}
  m_ScaleInLightmap: 1
  m_ReceiveGI: 1
  m_PreserveUVs: 0
  m_IgnoreNormalsForChartDetection: 0
  m_ImportantGI: 0
  m_StitchLightmapSeams: 1
  m_SelectedEditorRenderState: 2
  m_MinimumChartSize: 4
  m_AutoUVMaxDistance: 0.5
  m_AutoUVMaxAngle: 89
  m_LightmapParameters: {fileID: 0}
  m_SortingLayerID: 0
  m_SortingLayer: 0
  m_SortingOrder: 0
  m_AdditionalVertexStreams: {fileID: 0}
--- !u!33 &4277718079058757769
MeshFilter:
  m_ObjectHideFlags: 0
  m_CorrespondingSourceObject: {fileID: 0}
  m_PrefabInstance: {fileID: 0}
  m_PrefabAsset: {fileID: 0}
  m_GameObject: {fileID: 4277718079058757748}
  m_Mesh: {fileID: 0}
--- !u!64 &4277718079058757750
MeshCollider:
  m_ObjectHideFlags: 0
  m_CorrespondingSourceObject: {fileID: 0}
  m_PrefabInstance: {fileID: 0}
  m_PrefabAsset: {fileID: 0}
  m_GameObject: {fileID: 4277718079058757748}
  m_Material: {fileID: 0}
  m_IsTrigger: 0
  m_Enabled: 1
  serializedVersion: 4
  m_Convex: 0
  m_CookingOptions: 30
  m_Mesh: {fileID: 0}
--- !u!1 &4277718079220986841
GameObject:
  m_ObjectHideFlags: 0
  m_CorrespondingSourceObject: {fileID: 0}
  m_PrefabInstance: {fileID: 0}
  m_PrefabAsset: {fileID: 0}
  serializedVersion: 6
  m_Component:
  - component: {fileID: 4277718079220986840}
  - component: {fileID: 4277718079220986845}
  - component: {fileID: 4277718079220986842}
  - component: {fileID: 4277718079220986843}
  m_Layer: 0
  m_Name: Fondo
  m_TagString: Untagged
  m_Icon: {fileID: 0}
  m_NavMeshLayer: 0
  m_StaticEditorFlags: 0
  m_IsActive: 1
--- !u!224 &4277718079220986840
RectTransform:
  m_ObjectHideFlags: 0
  m_CorrespondingSourceObject: {fileID: 0}
  m_PrefabInstance: {fileID: 0}
  m_PrefabAsset: {fileID: 0}
  m_GameObject: {fileID: 4277718079220986841}
  m_LocalRotation: {x: 0, y: 0, z: 0, w: 1}
  m_LocalPosition: {x: 0, y: 0, z: 0}
  m_LocalScale: {x: 1, y: 1, z: 1}
  m_ConstrainProportionsScale: 0
  m_Children: []
  m_Father: {fileID: 4277718078689293472}
  m_RootOrder: 0
  m_LocalEulerAnglesHint: {x: 0, y: 0, z: 0}
  m_AnchorMin: {x: 0.5, y: 0.5}
  m_AnchorMax: {x: 0.5, y: 0.5}
  m_AnchoredPosition: {x: 0, y: 0}
  m_SizeDelta: {x: 2, y: 0.3}
  m_Pivot: {x: 0.5, y: 0.5}
--- !u!222 &4277718079220986845
CanvasRenderer:
  m_ObjectHideFlags: 0
  m_CorrespondingSourceObject: {fileID: 0}
  m_PrefabInstance: {fileID: 0}
  m_PrefabAsset: {fileID: 0}
  m_GameObject: {fileID: 4277718079220986841}
  m_CullTransparentMesh: 1
--- !u!114 &4277718079220986842
MonoBehaviour:
  m_ObjectHideFlags: 0
  m_CorrespondingSourceObject: {fileID: 0}
  m_PrefabInstance: {fileID: 0}
  m_PrefabAsset: {fileID: 0}
  m_GameObject: {fileID: 4277718079220986841}
  m_Enabled: 1
  m_EditorHideFlags: 0
  m_Script: {fileID: 11500000, guid: fe87c0e1cc204ed48ad3b37840f39efc, type: 3}
  m_Name: 
  m_EditorClassIdentifier: 
  m_Material: {fileID: 0}
  m_Color: {r: 0.2924528, g: 0.22209859, b: 0.22209859, a: 1}
  m_RaycastTarget: 1
  m_RaycastPadding: {x: 0, y: 0, z: 0, w: 0}
  m_Maskable: 1
  m_OnCullStateChanged:
    m_PersistentCalls:
      m_Calls: []
  m_Sprite: {fileID: 21300000, guid: 6820e50a72696664cb1a9b5484ecee33, type: 3}
  m_Type: 3
  m_PreserveAspect: 0
  m_FillCenter: 1
  m_FillMethod: 0
  m_FillAmount: 1
  m_FillClockwise: 1
  m_FillOrigin: 0
  m_UseSpriteMesh: 0
  m_PixelsPerUnitMultiplier: 1
--- !u!114 &4277718079220986843
MonoBehaviour:
  m_ObjectHideFlags: 0
  m_CorrespondingSourceObject: {fileID: 0}
  m_PrefabInstance: {fileID: 0}
  m_PrefabAsset: {fileID: 0}
  m_GameObject: {fileID: 4277718079220986841}
  m_Enabled: 1
  m_EditorHideFlags: 0
  m_Script: {fileID: 11500000, guid: e19747de3f5aca642ab2be37e372fb86, type: 3}
  m_Name: 
  m_EditorClassIdentifier: 
  m_EffectColor: {r: 0.18609825, g: 0.20015962, b: 0.3207547, a: 0.5}
  m_EffectDistance: {x: 0.05, y: 0.05}
  m_UseGraphicAlpha: 1
--- !u!1 &4277718079615578894
GameObject:
  m_ObjectHideFlags: 0
  m_CorrespondingSourceObject: {fileID: 0}
  m_PrefabInstance: {fileID: 0}
  m_PrefabAsset: {fileID: 0}
  serializedVersion: 6
  m_Component:
  - component: {fileID: 4277718079615578881}
  - component: {fileID: 4277718079615578884}
  - component: {fileID: 4277718079615578885}
  - component: {fileID: 4277718079615578882}
  - component: {fileID: 4277718079615578883}
  - component: {fileID: 4277718079615578880}
  m_Layer: 0
  m_Name: Cylinder
  m_TagString: Untagged
  m_Icon: {fileID: 0}
  m_NavMeshLayer: 0
  m_StaticEditorFlags: 0
  m_IsActive: 1
--- !u!4 &4277718079615578881
Transform:
  m_ObjectHideFlags: 0
  m_CorrespondingSourceObject: {fileID: 0}
  m_PrefabInstance: {fileID: 0}
  m_PrefabAsset: {fileID: 0}
  m_GameObject: {fileID: 4277718079615578894}
  m_LocalRotation: {x: 0.5, y: 0.5, z: 0.5, w: 0.5}
  m_LocalPosition: {x: 1.46, y: 1.045, z: -0.92}
  m_LocalScale: {x: 0.5, y: 0.7, z: 0.5}
  m_ConstrainProportionsScale: 0
  m_Children: []
  m_Father: {fileID: 4277718078248226629}
  m_RootOrder: 2
  m_LocalEulerAnglesHint: {x: 0, y: 90, z: 90}
--- !u!114 &4277718079615578884
MonoBehaviour:
  m_ObjectHideFlags: 0
  m_CorrespondingSourceObject: {fileID: 0}
  m_PrefabInstance: {fileID: 0}
  m_PrefabAsset: {fileID: 0}
  m_GameObject: {fileID: 4277718079615578894}
  m_Enabled: 1
  m_EditorHideFlags: 0
  m_Script: {fileID: 11500000, guid: 8233d90336aea43098adf6dbabd606a2, type: 3}
  m_Name: 
  m_EditorClassIdentifier: 
  m_MeshFormatVersion: 2
  m_Faces:
  - m_Indexes: 000000000100000002000000010000000300000002000000
    m_SmoothingGroup: 1
    m_Uv:
      m_UseWorldSpace: 0
      m_FlipU: 0
      m_FlipV: 0
      m_SwapUV: 0
      m_Fill: 1
      m_Scale: {x: 1, y: 1}
      m_Offset: {x: 0, y: 0}
      m_Rotation: 0
      m_Anchor: 9
    m_Material: {fileID: 0}
    m_SubmeshIndex: 0
    m_ManualUV: 0
    elementGroup: -1
    m_TextureGroup: -1
  - m_Indexes: 040000000500000006000000050000000700000006000000
    m_SmoothingGroup: 1
    m_Uv:
      m_UseWorldSpace: 0
      m_FlipU: 0
      m_FlipV: 0
      m_SwapUV: 0
      m_Fill: 1
      m_Scale: {x: 1, y: 1}
      m_Offset: {x: 0, y: 0}
      m_Rotation: 0
      m_Anchor: 9
    m_Material: {fileID: 0}
    m_SubmeshIndex: 0
    m_ManualUV: 0
    elementGroup: -1
    m_TextureGroup: -1
  - m_Indexes: 08000000090000000a000000090000000b0000000a000000
    m_SmoothingGroup: 1
    m_Uv:
      m_UseWorldSpace: 0
      m_FlipU: 0
      m_FlipV: 0
      m_SwapUV: 0
      m_Fill: 1
      m_Scale: {x: 1, y: 1}
      m_Offset: {x: 0, y: 0}
      m_Rotation: 0
      m_Anchor: 9
    m_Material: {fileID: 0}
    m_SubmeshIndex: 0
    m_ManualUV: 0
    elementGroup: -1
    m_TextureGroup: -1
  - m_Indexes: 0c0000000d0000000e0000000d0000000f0000000e000000
    m_SmoothingGroup: 1
    m_Uv:
      m_UseWorldSpace: 0
      m_FlipU: 0
      m_FlipV: 0
      m_SwapUV: 0
      m_Fill: 1
      m_Scale: {x: 1, y: 1}
      m_Offset: {x: 0, y: 0}
      m_Rotation: 0
      m_Anchor: 9
    m_Material: {fileID: 0}
    m_SubmeshIndex: 0
    m_ManualUV: 0
    elementGroup: -1
    m_TextureGroup: -1
  - m_Indexes: 100000001100000012000000110000001300000012000000
    m_SmoothingGroup: 1
    m_Uv:
      m_UseWorldSpace: 0
      m_FlipU: 0
      m_FlipV: 0
      m_SwapUV: 0
      m_Fill: 1
      m_Scale: {x: 1, y: 1}
      m_Offset: {x: 0, y: 0}
      m_Rotation: 0
      m_Anchor: 9
    m_Material: {fileID: 0}
    m_SubmeshIndex: 0
    m_ManualUV: 0
    elementGroup: -1
    m_TextureGroup: -1
  - m_Indexes: 140000001500000016000000150000001700000016000000
    m_SmoothingGroup: 1
    m_Uv:
      m_UseWorldSpace: 0
      m_FlipU: 0
      m_FlipV: 0
      m_SwapUV: 0
      m_Fill: 1
      m_Scale: {x: 1, y: 1}
      m_Offset: {x: 0, y: 0}
      m_Rotation: 0
      m_Anchor: 9
    m_Material: {fileID: 0}
    m_SubmeshIndex: 0
    m_ManualUV: 0
    elementGroup: -1
    m_TextureGroup: -1
  - m_Indexes: 1a0000001900000018000000
    m_SmoothingGroup: 0
    m_Uv:
      m_UseWorldSpace: 0
      m_FlipU: 0
      m_FlipV: 0
      m_SwapUV: 0
      m_Fill: 1
      m_Scale: {x: 1, y: 1}
      m_Offset: {x: 0, y: 0}
      m_Rotation: 0
      m_Anchor: 9
    m_Material: {fileID: 2100000, guid: 31321ba15b8f8eb4c954353edc038b1d, type: 2}
    m_SubmeshIndex: 0
    m_ManualUV: 0
    elementGroup: 0
    m_TextureGroup: -1
  - m_Indexes: 200000001f0000001e000000
    m_SmoothingGroup: 0
    m_Uv:
      m_UseWorldSpace: 0
      m_FlipU: 0
      m_FlipV: 0
      m_SwapUV: 0
      m_Fill: 1
      m_Scale: {x: 1, y: 1}
      m_Offset: {x: 0, y: 0}
      m_Rotation: 0
      m_Anchor: 9
    m_Material: {fileID: 2100000, guid: 31321ba15b8f8eb4c954353edc038b1d, type: 2}
    m_SubmeshIndex: 0
    m_ManualUV: 0
    elementGroup: 0
    m_TextureGroup: -1
  - m_Indexes: 260000002500000024000000
    m_SmoothingGroup: 0
    m_Uv:
      m_UseWorldSpace: 0
      m_FlipU: 0
      m_FlipV: 0
      m_SwapUV: 0
      m_Fill: 1
      m_Scale: {x: 1, y: 1}
      m_Offset: {x: 0, y: 0}
      m_Rotation: 0
      m_Anchor: 9
    m_Material: {fileID: 2100000, guid: 31321ba15b8f8eb4c954353edc038b1d, type: 2}
    m_SubmeshIndex: 0
    m_ManualUV: 0
    elementGroup: 0
    m_TextureGroup: -1
  - m_Indexes: 2c0000002b0000002a000000
    m_SmoothingGroup: 0
    m_Uv:
      m_UseWorldSpace: 0
      m_FlipU: 0
      m_FlipV: 0
      m_SwapUV: 0
      m_Fill: 1
      m_Scale: {x: 1, y: 1}
      m_Offset: {x: 0, y: 0}
      m_Rotation: 0
      m_Anchor: 9
    m_Material: {fileID: 2100000, guid: 31321ba15b8f8eb4c954353edc038b1d, type: 2}
    m_SubmeshIndex: 0
    m_ManualUV: 0
    elementGroup: 0
    m_TextureGroup: -1
  - m_Indexes: 320000003100000030000000
    m_SmoothingGroup: 0
    m_Uv:
      m_UseWorldSpace: 0
      m_FlipU: 0
      m_FlipV: 0
      m_SwapUV: 0
      m_Fill: 1
      m_Scale: {x: 1, y: 1}
      m_Offset: {x: 0, y: 0}
      m_Rotation: 0
      m_Anchor: 9
    m_Material: {fileID: 2100000, guid: 31321ba15b8f8eb4c954353edc038b1d, type: 2}
    m_SubmeshIndex: 0
    m_ManualUV: 0
    elementGroup: 0
    m_TextureGroup: -1
  - m_Indexes: 380000003700000036000000
    m_SmoothingGroup: 0
    m_Uv:
      m_UseWorldSpace: 0
      m_FlipU: 0
      m_FlipV: 0
      m_SwapUV: 0
      m_Fill: 1
      m_Scale: {x: 1, y: 1}
      m_Offset: {x: 0, y: 0}
      m_Rotation: 0
      m_Anchor: 9
    m_Material: {fileID: 2100000, guid: 31321ba15b8f8eb4c954353edc038b1d, type: 2}
    m_SubmeshIndex: 0
    m_ManualUV: 0
    elementGroup: 0
    m_TextureGroup: -1
  - m_Indexes: 1b0000001c0000001d000000
    m_SmoothingGroup: 0
    m_Uv:
      m_UseWorldSpace: 0
      m_FlipU: 0
      m_FlipV: 0
      m_SwapUV: 0
      m_Fill: 1
      m_Scale: {x: 1, y: 1}
      m_Offset: {x: 0, y: 0}
      m_Rotation: 0
      m_Anchor: 9
    m_Material: {fileID: 2100000, guid: 31321ba15b8f8eb4c954353edc038b1d, type: 2}
    m_SubmeshIndex: 0
    m_ManualUV: 0
    elementGroup: 0
    m_TextureGroup: -1
  - m_Indexes: 210000002200000023000000
    m_SmoothingGroup: 0
    m_Uv:
      m_UseWorldSpace: 0
      m_FlipU: 0
      m_FlipV: 0
      m_SwapUV: 0
      m_Fill: 1
      m_Scale: {x: 1, y: 1}
      m_Offset: {x: 0, y: 0}
      m_Rotation: 0
      m_Anchor: 9
    m_Material: {fileID: 2100000, guid: 31321ba15b8f8eb4c954353edc038b1d, type: 2}
    m_SubmeshIndex: 0
    m_ManualUV: 0
    elementGroup: 0
    m_TextureGroup: -1
  - m_Indexes: 270000002800000029000000
    m_SmoothingGroup: 0
    m_Uv:
      m_UseWorldSpace: 0
      m_FlipU: 0
      m_FlipV: 0
      m_SwapUV: 0
      m_Fill: 1
      m_Scale: {x: 1, y: 1}
      m_Offset: {x: 0, y: 0}
      m_Rotation: 0
      m_Anchor: 9
    m_Material: {fileID: 2100000, guid: 31321ba15b8f8eb4c954353edc038b1d, type: 2}
    m_SubmeshIndex: 0
    m_ManualUV: 0
    elementGroup: 0
    m_TextureGroup: -1
  - m_Indexes: 2d0000002e0000002f000000
    m_SmoothingGroup: 0
    m_Uv:
      m_UseWorldSpace: 0
      m_FlipU: 0
      m_FlipV: 0
      m_SwapUV: 0
      m_Fill: 1
      m_Scale: {x: 1, y: 1}
      m_Offset: {x: 0, y: 0}
      m_Rotation: 0
      m_Anchor: 9
    m_Material: {fileID: 2100000, guid: 31321ba15b8f8eb4c954353edc038b1d, type: 2}
    m_SubmeshIndex: 0
    m_ManualUV: 0
    elementGroup: 0
    m_TextureGroup: -1
  - m_Indexes: 330000003400000035000000
    m_SmoothingGroup: 0
    m_Uv:
      m_UseWorldSpace: 0
      m_FlipU: 0
      m_FlipV: 0
      m_SwapUV: 0
      m_Fill: 1
      m_Scale: {x: 1, y: 1}
      m_Offset: {x: 0, y: 0}
      m_Rotation: 0
      m_Anchor: 9
    m_Material: {fileID: 2100000, guid: 31321ba15b8f8eb4c954353edc038b1d, type: 2}
    m_SubmeshIndex: 0
    m_ManualUV: 0
    elementGroup: 0
    m_TextureGroup: -1
  - m_Indexes: 390000003a0000003b000000
    m_SmoothingGroup: 0
    m_Uv:
      m_UseWorldSpace: 0
      m_FlipU: 0
      m_FlipV: 0
      m_SwapUV: 0
      m_Fill: 1
      m_Scale: {x: 1, y: 1}
      m_Offset: {x: 0, y: 0}
      m_Rotation: 0
      m_Anchor: 9
    m_Material: {fileID: 2100000, guid: 31321ba15b8f8eb4c954353edc038b1d, type: 2}
    m_SubmeshIndex: 0
    m_ManualUV: 0
    elementGroup: 0
    m_TextureGroup: -1
  m_SharedVertices:
  - m_Vertices: 00000000160000001800000038000000
  - m_Vertices: 01000000170000001b0000003b000000
  - m_Vertices: 02000000040000001a0000001e000000
  - m_Vertices: 03000000050000001d00000021000000
  - m_Vertices: 06000000080000002000000024000000
  - m_Vertices: 07000000090000002300000027000000
  - m_Vertices: 0a0000000c000000260000002a000000
  - m_Vertices: 0b0000000d000000290000002d000000
  - m_Vertices: 0e000000100000002c00000030000000
  - m_Vertices: 0f000000110000002f00000033000000
  - m_Vertices: 12000000140000003200000036000000
  - m_Vertices: 13000000150000003500000039000000
  - m_Vertices: 190000001f000000250000002b0000003100000037000000
  - m_Vertices: 1c00000022000000280000002e000000340000003a000000
  m_SharedTextures: []
  m_Positions:
  - {x: 0.62927496, y: -1.6760263, z: 0}
  - {x: 0.62927496, y: 1.6760263, z: 0}
  - {x: 0.31463745, y: -1.6760263, z: 0.48327324}
  - {x: 0.31463745, y: 1.6760263, z: 0.48327324}
  - {x: 0.31463745, y: -1.6760263, z: 0.48327324}
  - {x: 0.31463745, y: 1.6760263, z: 0.48327324}
  - {x: -0.3146375, y: -1.6760263, z: 0.4832732}
  - {x: -0.3146375, y: 1.6760263, z: 0.4832732}
  - {x: -0.3146375, y: -1.6760263, z: 0.4832732}
  - {x: -0.3146375, y: 1.6760263, z: 0.4832732}
  - {x: -0.62927496, y: -1.6760263, z: -0.000000048785044}
  - {x: -0.62927496, y: 1.6760263, z: -0.000000048785044}
  - {x: -0.62927496, y: -1.6760263, z: -0.000000048785044}
  - {x: -0.62927496, y: 1.6760263, z: -0.000000048785044}
  - {x: -0.31463742, y: -1.6760263, z: -0.48327324}
  - {x: -0.31463742, y: 1.6760263, z: -0.48327324}
  - {x: -0.31463742, y: -1.6760263, z: -0.48327324}
  - {x: -0.31463742, y: 1.6760263, z: -0.48327324}
  - {x: 0.31463742, y: -1.6760263, z: -0.48327324}
  - {x: 0.31463742, y: 1.6760263, z: -0.48327324}
  - {x: 0.31463742, y: -1.6760263, z: -0.48327324}
  - {x: 0.31463742, y: 1.6760263, z: -0.48327324}
  - {x: 0.62927496, y: -1.6760263, z: 0}
  - {x: 0.62927496, y: 1.6760263, z: 0}
  - {x: 0.62927496, y: -1.6760263, z: 0}
  - {x: 0, y: -1.6760263, z: 0}
  - {x: 0.31463745, y: -1.6760263, z: 0.48327324}
  - {x: 0.62927496, y: 1.6760263, z: 0}
  - {x: 0, y: 1.6760263, z: 0}
  - {x: 0.31463745, y: 1.6760263, z: 0.48327324}
  - {x: 0.31463745, y: -1.6760263, z: 0.48327324}
  - {x: 0, y: -1.6760263, z: 0}
  - {x: -0.3146375, y: -1.6760263, z: 0.4832732}
  - {x: 0.31463745, y: 1.6760263, z: 0.48327324}
  - {x: 0, y: 1.6760263, z: 0}
  - {x: -0.3146375, y: 1.6760263, z: 0.4832732}
  - {x: -0.3146375, y: -1.6760263, z: 0.4832732}
  - {x: 0, y: -1.6760263, z: 0}
  - {x: -0.62927496, y: -1.6760263, z: -0.000000048785044}
  - {x: -0.3146375, y: 1.6760263, z: 0.4832732}
  - {x: 0, y: 1.6760263, z: 0}
  - {x: -0.62927496, y: 1.6760263, z: -0.000000048785044}
  - {x: -0.62927496, y: -1.6760263, z: -0.000000048785044}
  - {x: 0, y: -1.6760263, z: 0}
  - {x: -0.31463742, y: -1.6760263, z: -0.48327324}
  - {x: -0.62927496, y: 1.6760263, z: -0.000000048785044}
  - {x: 0, y: 1.6760263, z: 0}
  - {x: -0.31463742, y: 1.6760263, z: -0.48327324}
  - {x: -0.31463742, y: -1.6760263, z: -0.48327324}
  - {x: 0, y: -1.6760263, z: 0}
  - {x: 0.31463742, y: -1.6760263, z: -0.48327324}
  - {x: -0.31463742, y: 1.6760263, z: -0.48327324}
  - {x: 0, y: 1.6760263, z: 0}
  - {x: 0.31463742, y: 1.6760263, z: -0.48327324}
  - {x: 0.31463742, y: -1.6760263, z: -0.48327324}
  - {x: 0, y: -1.6760263, z: 0}
  - {x: 0.62927496, y: -1.6760263, z: 0}
  - {x: 0.31463742, y: 1.6760263, z: -0.48327324}
  - {x: 0, y: 1.6760263, z: 0}
  - {x: 0.62927496, y: 1.6760263, z: 0}
  m_Textures0:
  - {x: -0.3433386, y: -1.6760263}
  - {x: -0.3433386, y: 1.6760263}
  - {x: 0.2333327, y: -1.6760263}
  - {x: 0.2333327, y: 1.6760263}
  - {x: -0.31463748, y: -1.6760263}
  - {x: -0.31463748, y: 1.6760263}
  - {x: 0.31463748, y: -1.6760263}
  - {x: 0.31463748, y: 1.6760263}
  - {x: -0.23333271, y: -1.6760263}
  - {x: -0.23333271, y: 1.6760263}
  - {x: 0.34333858, y: -1.6760263}
  - {x: 0.34333858, y: 1.6760263}
  - {x: -0.3433386, y: -1.6760263}
  - {x: -0.3433386, y: 1.6760263}
  - {x: 0.23333266, y: -1.6760263}
  - {x: 0.23333266, y: 1.6760263}
  - {x: -0.31463742, y: -1.6760263}
  - {x: -0.31463742, y: 1.6760263}
  - {x: 0.31463742, y: -1.6760263}
  - {x: 0.31463742, y: 1.6760263}
  - {x: -0.2333327, y: -1.6760263}
  - {x: -0.2333327, y: 1.6760263}
  - {x: 0.34333864, y: -1.6760263}
  - {x: 0.34333864, y: 1.6760263}
  - {x: -0.62927496, y: 0}
  - {x: 0, y: 0}
  - {x: -0.31463745, y: 0.48327324}
  - {x: 0.62927496, y: 0}
  - {x: 0, y: 0}
  - {x: 0.31463745, y: 0.48327324}
  - {x: -0.31463745, y: 0.48327324}
  - {x: 0, y: 0}
  - {x: 0.3146375, y: 0.4832732}
  - {x: 0.31463745, y: 0.48327324}
  - {x: 0, y: 0}
  - {x: -0.3146375, y: 0.4832732}
  - {x: 0.3146375, y: 0.4832732}
  - {x: 0, y: 0}
  - {x: 0.62927496, y: -0.000000048785044}
  - {x: -0.3146375, y: 0.4832732}
  - {x: 0, y: 0}
  - {x: -0.62927496, y: -0.000000048785044}
  - {x: 0.62927496, y: -0.000000048785044}
  - {x: 0, y: 0}
  - {x: 0.31463742, y: -0.48327324}
  - {x: -0.62927496, y: -0.000000048785044}
  - {x: 0, y: 0}
  - {x: -0.31463742, y: -0.48327324}
  - {x: 0.31463742, y: -0.48327324}
  - {x: 0, y: 0}
  - {x: -0.31463742, y: -0.48327324}
  - {x: -0.31463742, y: -0.48327324}
  - {x: 0, y: 0}
  - {x: 0.31463742, y: -0.48327324}
  - {x: -0.31463742, y: -0.48327324}
  - {x: 0, y: 0}
  - {x: -0.62927496, y: 0}
  - {x: 0.31463742, y: -0.48327324}
  - {x: 0, y: 0}
  - {x: 0.62927496, y: 0}
  m_Textures2: []
  m_Textures3: []
  m_Tangents:
  - {x: 0, y: 0, z: 1, w: -1}
  - {x: 0, y: 0, z: 1, w: -1}
  - {x: -0.8790932, y: 0, z: 0.47664985, w: -1}
  - {x: -0.8790932, y: 0, z: 0.47664985, w: -1}
  - {x: -0.8790932, y: 0, z: 0.4766498, w: -1}
  - {x: -0.8790932, y: 0, z: 0.4766498, w: -1}
  - {x: -0.87909317, y: 0, z: -0.47665, w: -1}
  - {x: -0.87909317, y: 0, z: -0.47665, w: -1}
  - {x: -0.8790932, y: 0, z: -0.4766499, w: -1}
  - {x: -0.8790932, y: 0, z: -0.4766499, w: -1}
  - {x: 0.00000014224784, y: 0, z: -1, w: -1}
  - {x: 0.00000014224784, y: 0, z: -1, w: -1}
  - {x: 0.00000007112392, y: 0, z: -1, w: -1}
  - {x: 0.00000007112392, y: 0, z: -1, w: -1}
  - {x: 0.8790933, y: 0, z: -0.47664976, w: -1}
  - {x: 0.8790933, y: 0, z: -0.47664976, w: -1}
  - {x: 0.8790932, y: 0, z: -0.47664982, w: -1}
  - {x: 0.8790932, y: 0, z: -0.47664982, w: -1}
  - {x: 0.8790932, y: 0, z: 0.4766498, w: -1}
  - {x: 0.8790932, y: 0, z: 0.4766498, w: -1}
  - {x: 0.8790932, y: 0, z: 0.47664982, w: -1}
  - {x: 0.8790932, y: 0, z: 0.47664982, w: -1}
  - {x: 0.00000007112392, y: 0, z: 1, w: -1}
  - {x: 0.00000007112392, y: 0, z: 1, w: -1}
  - {x: -1, y: 0, z: 0, w: -1}
  - {x: -1, y: 0, z: 0, w: -1}
  - {x: -1, y: 0, z: 0, w: -1}
  - {x: 1, y: 0, z: 0, w: -1}
  - {x: 1, y: 0, z: 0, w: -1}
  - {x: 1, y: 0, z: 0, w: -1}
  - {x: -1, y: 0, z: 0, w: -1}
  - {x: -1, y: 0, z: 0, w: -1}
  - {x: -1, y: 0, z: 0, w: -1}
  - {x: 1, y: 0, z: 0, w: -1}
  - {x: 1, y: 0, z: 0, w: -1}
  - {x: 1, y: 0, z: 0, w: -1}
  - {x: -1, y: 0, z: 0, w: -1}
  - {x: -1, y: 0, z: 0, w: -1}
  - {x: -1, y: 0, z: 0, w: -1}
  - {x: 1, y: 0, z: 0, w: -1}
  - {x: 1, y: 0, z: 0, w: -1}
  - {x: 1, y: 0, z: 0, w: -1}
  - {x: -1, y: 0, z: 0, w: -1}
  - {x: -1, y: 0, z: 0, w: -1}
  - {x: -1, y: 0, z: 0, w: -1}
  - {x: 1, y: 0, z: 0, w: -1}
  - {x: 1, y: 0, z: 0, w: -1}
  - {x: 1, y: 0, z: 0, w: -1}
  - {x: -1, y: 0, z: 0, w: -1}
  - {x: -1, y: 0, z: 0, w: -1}
  - {x: -1, y: 0, z: 0, w: -1}
  - {x: 1, y: 0, z: 0, w: -1}
  - {x: 1, y: 0, z: 0, w: -1}
  - {x: 1, y: 0, z: 0, w: -1}
  - {x: -1, y: 0, z: 0, w: -1}
  - {x: -1, y: 0, z: 0, w: -1}
  - {x: -1, y: 0, z: 0, w: -1}
  - {x: 1, y: 0, z: 0, w: -1}
  - {x: 1, y: 0, z: 0, w: -1}
  - {x: 1, y: 0, z: 0, w: -1}
  m_Colors: []
  m_UnwrapParameters:
    m_HardAngle: 88
    m_PackMargin: 20
    m_AngleError: 8
    m_AreaError: 15
  m_PreserveMeshAssetOnDestroy: 0
  assetGuid: 
  m_Mesh: {fileID: 0}
  m_VersionIndex: 797
  m_IsSelectable: 1
  m_SelectedFaces: 
  m_SelectedEdges: []
  m_SelectedVertices: 
--- !u!114 &4277718079615578885
MonoBehaviour:
  m_ObjectHideFlags: 0
  m_CorrespondingSourceObject: {fileID: 0}
  m_PrefabInstance: {fileID: 0}
  m_PrefabAsset: {fileID: 0}
  m_GameObject: {fileID: 4277718079615578894}
  m_Enabled: 1
  m_EditorHideFlags: 0
  m_Script: {fileID: 11500000, guid: 1ca002da428252441b92f28d83c8a65f, type: 3}
  m_Name: 
  m_EditorClassIdentifier: 
  m_Shape:
    rid: 4274821078918103049
  m_Size: {x: 1.2585499, y: 3.3520527, z: -1.1160717}
  m_Rotation: {x: 0, y: 0, z: 0, w: 1}
  m_PivotLocation: 0
  m_PivotPosition: {x: 0, y: 0, z: 0}
  m_UnmodifiedMeshVersion: 797
  m_ShapeBox:
    m_Center: {x: 0, y: 0, z: 0}
    m_Extent: {x: 0.62927496, y: 1.6760263, z: -0.55803585}
  references:
    version: 2
    RefIds:
    - rid: 4274821078918103049
      type: {class: Cylinder, ns: UnityEngine.ProBuilder.Shapes, asm: Unity.ProBuilder}
      data:
        m_AxisDivisions: 6
        m_HeightCuts: 0
        m_Smooth: 1
--- !u!23 &4277718079615578882
MeshRenderer:
  m_ObjectHideFlags: 0
  m_CorrespondingSourceObject: {fileID: 0}
  m_PrefabInstance: {fileID: 0}
  m_PrefabAsset: {fileID: 0}
  m_GameObject: {fileID: 4277718079615578894}
  m_Enabled: 1
  m_CastShadows: 1
  m_ReceiveShadows: 1
  m_DynamicOccludee: 1
  m_StaticShadowCaster: 0
  m_MotionVectors: 1
  m_LightProbeUsage: 1
  m_ReflectionProbeUsage: 1
  m_RayTracingMode: 2
  m_RayTraceProcedural: 0
  m_RenderingLayerMask: 1
  m_RendererPriority: 0
  m_Materials:
  - {fileID: 2100000, guid: 17329beddbf53a14d9b6706d1d627ee0, type: 2}
  m_StaticBatchInfo:
    firstSubMesh: 0
    subMeshCount: 0
  m_StaticBatchRoot: {fileID: 0}
  m_ProbeAnchor: {fileID: 0}
  m_LightProbeVolumeOverride: {fileID: 0}
  m_ScaleInLightmap: 1
  m_ReceiveGI: 1
  m_PreserveUVs: 0
  m_IgnoreNormalsForChartDetection: 0
  m_ImportantGI: 0
  m_StitchLightmapSeams: 1
  m_SelectedEditorRenderState: 2
  m_MinimumChartSize: 4
  m_AutoUVMaxDistance: 0.5
  m_AutoUVMaxAngle: 89
  m_LightmapParameters: {fileID: 0}
  m_SortingLayerID: 0
  m_SortingLayer: 0
  m_SortingOrder: 0
  m_AdditionalVertexStreams: {fileID: 0}
--- !u!33 &4277718079615578883
MeshFilter:
  m_ObjectHideFlags: 0
  m_CorrespondingSourceObject: {fileID: 0}
  m_PrefabInstance: {fileID: 0}
  m_PrefabAsset: {fileID: 0}
  m_GameObject: {fileID: 4277718079615578894}
  m_Mesh: {fileID: 0}
--- !u!64 &4277718079615578880
MeshCollider:
  m_ObjectHideFlags: 0
  m_CorrespondingSourceObject: {fileID: 0}
  m_PrefabInstance: {fileID: 0}
  m_PrefabAsset: {fileID: 0}
  m_GameObject: {fileID: 4277718079615578894}
  m_Material: {fileID: 0}
  m_IsTrigger: 0
  m_Enabled: 1
  serializedVersion: 4
  m_Convex: 0
  m_CookingOptions: 30
  m_Mesh: {fileID: 0}
--- !u!1 &4277718080025519755
GameObject:
  m_ObjectHideFlags: 0
  m_CorrespondingSourceObject: {fileID: 0}
  m_PrefabInstance: {fileID: 0}
  m_PrefabAsset: {fileID: 0}
  serializedVersion: 6
  m_Component:
  - component: {fileID: 4277718080025519756}
  - component: {fileID: 4277718080025519757}
  - component: {fileID: 4277718080025519754}
  m_Layer: 0
  m_Name: Barra
  m_TagString: Untagged
  m_Icon: {fileID: 0}
  m_NavMeshLayer: 0
  m_StaticEditorFlags: 0
  m_IsActive: 1
--- !u!224 &4277718080025519756
RectTransform:
  m_ObjectHideFlags: 0
  m_CorrespondingSourceObject: {fileID: 0}
  m_PrefabInstance: {fileID: 0}
  m_PrefabAsset: {fileID: 0}
  m_GameObject: {fileID: 4277718080025519755}
  m_LocalRotation: {x: 0, y: 0, z: 0, w: 1}
  m_LocalPosition: {x: 0, y: 0, z: 0}
  m_LocalScale: {x: 1, y: 1, z: 1}
  m_ConstrainProportionsScale: 0
  m_Children: []
  m_Father: {fileID: 4277718078689293472}
  m_RootOrder: 1
  m_LocalEulerAnglesHint: {x: 0, y: 0, z: 0}
  m_AnchorMin: {x: 0.5, y: 0.5}
  m_AnchorMax: {x: 0.5, y: 0.5}
  m_AnchoredPosition: {x: 0, y: 0}
  m_SizeDelta: {x: 2, y: 0.3}
  m_Pivot: {x: 0.5, y: 0.5}
--- !u!222 &4277718080025519757
CanvasRenderer:
  m_ObjectHideFlags: 0
  m_CorrespondingSourceObject: {fileID: 0}
  m_PrefabInstance: {fileID: 0}
  m_PrefabAsset: {fileID: 0}
  m_GameObject: {fileID: 4277718080025519755}
  m_CullTransparentMesh: 1
--- !u!114 &4277718080025519754
MonoBehaviour:
  m_ObjectHideFlags: 0
  m_CorrespondingSourceObject: {fileID: 0}
  m_PrefabInstance: {fileID: 0}
  m_PrefabAsset: {fileID: 0}
  m_GameObject: {fileID: 4277718080025519755}
  m_Enabled: 1
  m_EditorHideFlags: 0
  m_Script: {fileID: 11500000, guid: fe87c0e1cc204ed48ad3b37840f39efc, type: 3}
  m_Name: 
  m_EditorClassIdentifier: 
  m_Material: {fileID: 0}
  m_Color: {r: 1, g: 0.1891892, b: 0, a: 1}
  m_RaycastTarget: 1
  m_RaycastPadding: {x: 0, y: 0, z: 0, w: 0}
  m_Maskable: 1
  m_OnCullStateChanged:
    m_PersistentCalls:
      m_Calls: []
  m_Sprite: {fileID: 21300000, guid: 6820e50a72696664cb1a9b5484ecee33, type: 3}
  m_Type: 3
  m_PreserveAspect: 0
  m_FillCenter: 1
  m_FillMethod: 0
  m_FillAmount: 1
  m_FillClockwise: 1
  m_FillOrigin: 0
  m_UseSpriteMesh: 0
  m_PixelsPerUnitMultiplier: 1
--- !u!1001 &4277718079768043014
PrefabInstance:
  m_ObjectHideFlags: 0
  serializedVersion: 2
  m_Modification:
    m_TransformParent: {fileID: 4277718078681637337}
    m_Modifications:
    - target: {fileID: 127985911416109496, guid: 22d398f3dfd894e49908ba2799c48166,
        type: 3}
      propertyPath: m_Name
      value: Cohete
      objectReference: {fileID: 0}
    - target: {fileID: 127985911416109496, guid: 22d398f3dfd894e49908ba2799c48166,
        type: 3}
      propertyPath: m_IsActive
      value: 1
      objectReference: {fileID: 0}
    - target: {fileID: 1662994174378480589, guid: 22d398f3dfd894e49908ba2799c48166,
        type: 3}
      propertyPath: vida
      value: 2
      objectReference: {fileID: 0}
    - target: {fileID: 1662994174378480589, guid: 22d398f3dfd894e49908ba2799c48166,
        type: 3}
      propertyPath: jugador
      value: 
      objectReference: {fileID: 0}
    - target: {fileID: 1662994174378480589, guid: 22d398f3dfd894e49908ba2799c48166,
        type: 3}
      propertyPath: rapidez
      value: 3
      objectReference: {fileID: 0}
    - target: {fileID: 1662994174378480589, guid: 22d398f3dfd894e49908ba2799c48166,
        type: 3}
      propertyPath: torreta
      value: 
      objectReference: {fileID: 4277718078681637318}
    - target: {fileID: 1662994174378480589, guid: 22d398f3dfd894e49908ba2799c48166,
        type: 3}
      propertyPath: distanciaMaxima
      value: 50
      objectReference: {fileID: 0}
    - target: {fileID: 4421871347954940412, guid: 22d398f3dfd894e49908ba2799c48166,
        type: 3}
      propertyPath: m_RootOrder
      value: 1
      objectReference: {fileID: 0}
    - target: {fileID: 4421871347954940412, guid: 22d398f3dfd894e49908ba2799c48166,
        type: 3}
      propertyPath: m_LocalScale.x
      value: 1
      objectReference: {fileID: 0}
    - target: {fileID: 4421871347954940412, guid: 22d398f3dfd894e49908ba2799c48166,
        type: 3}
      propertyPath: m_LocalScale.y
      value: 1
      objectReference: {fileID: 0}
    - target: {fileID: 4421871347954940412, guid: 22d398f3dfd894e49908ba2799c48166,
        type: 3}
      propertyPath: m_LocalPosition.x
      value: 1.31
      objectReference: {fileID: 0}
    - target: {fileID: 4421871347954940412, guid: 22d398f3dfd894e49908ba2799c48166,
        type: 3}
      propertyPath: m_LocalPosition.y
      value: 0
      objectReference: {fileID: 0}
    - target: {fileID: 4421871347954940412, guid: 22d398f3dfd894e49908ba2799c48166,
        type: 3}
      propertyPath: m_LocalPosition.z
      value: -6.75
      objectReference: {fileID: 0}
    - target: {fileID: 4421871347954940412, guid: 22d398f3dfd894e49908ba2799c48166,
        type: 3}
      propertyPath: m_LocalRotation.w
      value: 1
      objectReference: {fileID: 0}
    - target: {fileID: 4421871347954940412, guid: 22d398f3dfd894e49908ba2799c48166,
        type: 3}
      propertyPath: m_LocalRotation.x
      value: -0
      objectReference: {fileID: 0}
    - target: {fileID: 4421871347954940412, guid: 22d398f3dfd894e49908ba2799c48166,
        type: 3}
      propertyPath: m_LocalRotation.y
      value: -0
      objectReference: {fileID: 0}
    - target: {fileID: 4421871347954940412, guid: 22d398f3dfd894e49908ba2799c48166,
        type: 3}
      propertyPath: m_LocalRotation.z
      value: -0
      objectReference: {fileID: 0}
    - target: {fileID: 4421871347954940412, guid: 22d398f3dfd894e49908ba2799c48166,
        type: 3}
      propertyPath: m_LocalEulerAnglesHint.x
      value: 0
      objectReference: {fileID: 0}
    - target: {fileID: 4421871347954940412, guid: 22d398f3dfd894e49908ba2799c48166,
        type: 3}
      propertyPath: m_LocalEulerAnglesHint.y
      value: 0
      objectReference: {fileID: 0}
    - target: {fileID: 4421871347954940412, guid: 22d398f3dfd894e49908ba2799c48166,
        type: 3}
      propertyPath: m_LocalEulerAnglesHint.z
      value: 0
      objectReference: {fileID: 0}
    m_RemovedComponents: []
  m_SourcePrefab: {fileID: 100100000, guid: 22d398f3dfd894e49908ba2799c48166, type: 3}
--- !u!4 &432386787198101498 stripped
Transform:
  m_CorrespondingSourceObject: {fileID: 4421871347954940412, guid: 22d398f3dfd894e49908ba2799c48166,
    type: 3}
  m_PrefabInstance: {fileID: 4277718079768043014}
  m_PrefabAsset: {fileID: 0}
--- !u!1 &4223025630710671294 stripped
GameObject:
  m_CorrespondingSourceObject: {fileID: 127985911416109496, guid: 22d398f3dfd894e49908ba2799c48166,
    type: 3}
  m_PrefabInstance: {fileID: 4277718079768043014}
  m_PrefabAsset: {fileID: 0}
--- !u!114 &4277718079768043039
MonoBehaviour:
  m_ObjectHideFlags: 0
  m_CorrespondingSourceObject: {fileID: 0}
  m_PrefabInstance: {fileID: 0}
  m_PrefabAsset: {fileID: 0}
  m_GameObject: {fileID: 4223025630710671294}
  m_Enabled: 1
  m_EditorHideFlags: 0
  m_Script: {fileID: 11500000, guid: d50afde98955fb742b86042bc2dc71a1, type: 3}
  m_Name: 
  m_EditorClassIdentifier: 
  barra: {fileID: 4277718080025519754}
  "da\xF1oRecibido": 0.5
  hitsRecibir: 2
  tipoEnemigo: 
